3475 5200
1432 315 1819 368 „183-

498 537 562 598 in
610 536 933 616 presentia
978 530 1107 598 viri'
1140 536 1467 615 magnifici
1515 534 1759 598 domini
1807 535 2060 597 comitis
2092 533 2371 596 Ladislai
2403 533 2483 595 de
2517 533 2750 594 Palocz

495 643 727 706 iudicis
771 644 948 705 curie
996 643 1390 706 serenissimi
1437 642 1740 723 principis
1804 642 2047 704 domini
2098 640 2372 704 Ladislai
2418 641 2521 703 dei
2551 640 2754 719 gratia

500 750 852 831 Hungarie‚
893 751 1223 820 Bohemie,
1260 750 1594 826 Dalmatie‚
1625 748 1883 812 Croatie
1931 757 2047 812 etc.
2098 750 2266 828 regis
2312 765 2390 810 ac
2426 748 2749 810 literarum

499 875 770 920 suarum
817 858 1279 920 continentiam
1326 864 1556 920 contra
1599 858 1817 939 ipsum
1865 856 2108 920 scilicet
2135 856 2476 919 dominum
2518 853 2751 935 Syrno-

500 982 655 1028 nem
699 966 781 1027 de
848 965 1082 1028 Palocz
1147 965 1302 1027 iuris
1366 964 1810 1028 moderamine
1858 965 1922 1026 in
1964 964 2142 1027 ‘facto
2209 964 2493 1044 potentie
2541 979 2624 1023 ex
2671 981 2747 1025 ec]

499 1073 676 1152 quod
723 1074 786 1134 in
834 1073 1153 1136 sententia
1194 1073 1446 1153 capitali
1492 1090 1590 1134 ac·
1618 1072 1972 1134 amissione
2021 1072 2470 1134 universorum
2517 1070 2747 1132 iurium

499 1198 772 1242 suorum
820 1181 1488 1260 possessionariorum
1534 1180 1697 1241 intra
1744 1179 2059 1242 ambitum
2121 1179 2318 1241 huius
2366 1177 2564 1258 regni,
2615 1177 2747 1237 ubi=

495 1289 651 1350 libet
697 1288 1085 1367 habitorum,
1130 1288 1471 1351 convictus
1518 1287 1835 1350 extitisset
1880 1294 1944 1349 et
1989 1294 2340 1367 agravatus
2373 1286 2747 1349 haberetur:

498 1394 857 1457 ordinative
920 1402 1138 1457 tamen
1204 1394 1625 1475 dispositione
1680 1400 1747 1456 et
1791 1394 2263 1474 compositione
2327 1393 2747 1474 plurimorum

499 1503 852 1584 proborum
899 1510 963 1565 et
1008 1503 1320 1566 nobilium
1384 1503 1669 1565 virorum
1735 1502 1916 1583 pacis
1978 1510 2345 1565 amatorum
2410 1501 2573 1563 inter
2636 1517 2751 1562 eos

498 1628 616 1690 pro
664 1626 827 1691 pace
858 1612 1312 1689 laborantium,
1338 1618 1687 1692 partesque
1721 1627 1882 1672 suas
1914 1610 2179 1674 sollicite
2208 1607 2747 1689 interponentium

500 1719 705 1780 taliter
769 1718 931 1781 inter
994 1736 1067 1781 se
1131 1718 1644 1780 concordassent
1710 1717 1843 1779 imo
1908 1718 2379 1781 concordarent
2442 1716 2640 1778 nostri
2691 1717 2747 1773 in

498 1826 841 1905 presentia,
874 1826 1053 1905 quod
1087 1825 1369 1888 eundem
1403 1825 1773 1888 Johannem
1798 1824 1880 1887 de
1913 1825 2169 1887 Chahol
2198 1842 2397 1904 super
2431 1823 2747 1904 premisso

499 1931 673 1995 facto
719 1934 1004 2013 potentie
1050 1951 1131 1994 ac
1176 1934 1496 1995 sententia
1543 1934 1795 2013 capitali
1844 1939 2202 2013 prenotata,
2241 1949 2499 2024 necnon
2547 1933 2747 1993 oneri-

497 2041 624 2102 bus
671 2048 735 2104 et
778 2041 1265 2120 gravaminibus
1305 2041 1538 2103 exinde
1586 2042 1828 2104 secutis
1875 2040 2152 2102 cassatis
2199 2046 2262 2102 et
2309 2052 2527 2101 carere
2576 2056 2747 2101 com-

500 2148 717 2211 missis
743 2148 1062 2210 universis
1085 2147 1277 2210 literis
1311 2147 1744 2226 inquisitoriiS,
1787 2148 2190 2224 evocatoriiS,
2226 2146 2659 2209 insinuatoriis
2687 2161 2747 2205 et

496 2254 912 2319 attestatoriis
958 2256 1317 2317 vicinorum
1351 2264 1414 2318 et
1447 2263 2050 2318 commetaneorum
2083 2255 2488 2317 iudicialibus
2520 2260 2747 2316 notan*

498 2370 592 2425 ter
617 2362 983 2443 prescriptis
1005 2363 1200 2426 literis
1232 2363 1832 2439 sententionalibuS,
1862 2364 2000 2425 aliis
2032 2364 2225 2425 etiam
2247 2362 2747 2442 quibuscunque

498 2472 872 2533 causalibus
947 2488 1146 2550 super
1217 2471 1551 2550 premissis
1624 2472 1750 2534 sub
1824 2471 2057 2550 quavis
2125 2471 2335 2532 forma
2402 2470 2747 2532 verborum

495 2579 817 2642 hactenus
863 2579 1017 2641 ortis
1065 2587 1129 2642 et
1176 2580 1494 2642 emanatis
1541 2579 1795 2658 quitum
1842 2578 2226 2642 reddidisset
2263 2584 2328 2640 et
2377 2577 2747 2658 expeditum

496 2687 932 2750 commisisset
977 2687 1086 2748 tali
1133 2688 1333 2750 modo
1380 2693 1444 2749 et
1490 2687 1932 2750 moderamine
1979 2688 2352 2764 intersertiS,
2387 2686 2566 2765 quod
2613 2704 2747 2765 pre-

495 2793 670 2856 fatus
734 2794 1070 2857 Johannes
1134 2794 1216 2857 de
1265 2795 1519 2857 Chahol
1577 2812 1693 2875 pro
1741 2794 2185 2874 redemptione
2232 2796 2334 2857 sui
2397 2794 2622 2873 capitis
2687 2793 2747 2853 in

498 2901 1105 2982 expeditionemque
1180 2909 1244 2965 et
1308 2904 1820 2965 satisfactionem
1894 2903 2361 2982 premissorum
2437 2908 2747 2964 annotato

500 3008 767 3072 domino
800 3007 1072 3088 Symoni
1120 3011 1202 3071 de
1249 3009 1484 3072 Palocz
1512 3011 1907 3091 quingentos
1955 3011 2239 3072 florenos
2271 3010 2409 3071 auri
2443 3016 2506 3071 et
2542 3027 2747 3072 unum

500 3117 750 3180 bonum
798 3134 1042 3196 equum
1090 3117 1334 3179 homini
1382 3125 1635 3179 armato
1673 3118 2022 3194 valentem,
2049 3118 2112 3179 in
2159 3117 2423 3179 duobus
2465 3117 2747 3178 terminis

493 3215 951 3298 infradicendis
999 3225 1085 3287 ita
1129 3224 1448 3301 videlicet,
1498 3225 1677 3303 quod
1723 3225 2138 3287 medietatem
2177 3225 2533 3287 eorundem
2566 3224 2743 3302 quin-

494 3341 840 3411 gentorum
904 3334 1302 3421 florenorum
1367 3332 1503 3394 auri
1569 3339 1728 3412 puta
1794 3331 2115 3394 ducentos
2139 3336 2149 3343 ”
2171 3339 2234 3394 et
2282 3331 2747 3410 quinquaginta

495 3439 781 3502 florenos
849 3439 988 3502 auri
1054 3447 1291 3502 octavo
1357 3439 1460 3501 die
1507 3438 1654 3501 festi
1700 3439 2066 3502 Nativitatis
2115 3440 2302 3501 beate
2367 3439 2566 3502 Marie
2631 3442 2747 3500 viia>

2859 3510 2867 3542 l
2891 3506 2927 3543 ΕΓ·
2943 3510 2951 3542 ἓ

492 3546 680 3625 giniS‚
730 3546 1037 3626 reliquam
1085 3564 1241 3610 vero
1289 3547 1701 3610 medietatem
1750 3547 2043 3626 ipsorum
2075 3546 2577 3625 quingentorum
2633 3547 2743 3607 sso-
2791 3590 2895 3630 „ew
2975 3578 2995 3614 ε.

493 3671 801 3716 tenorum
866 3655 1024 3731 auri,
1092 3655 1387 3742 vindelicet
1449 3653 1717 3717 totidem
1785 3655 2107 3716 ducentos
2173 3661 2237 3716 et
2283 3653 2743 3733 quinquaginta

494 3759 782 3823 florenos
845 3760 983 3822 auri
1029 3770 1093 3823 et
1139 3761 1500 3840 predictum
1566 3779 1775 3822 unum
1840 3778 2082 3840 equum
2148 3767 2386 3822 octavo
2450 3762 2551 3823 die
2603 3761 2743 3823 festi

2859 3853 2867 3886 Ι
2879 3846 2955 3886 -ὶῡίμ

494 3868 1005 3930 circumcisionis
1053 3868 1317 3945 domini,
1344 3868 1630 3930 terminis
1674 3885 1855 3930 nunc
1895 3876 2045 3947 post
2084 3885 2235 3931 sese
2275 3877 2747 3946 consequenter
2831 3906 2915 3962 ΗΓΒ-Ι
2951 3927 2987 3958 ἐν

492 3975 795 4040 affuturis
842 3992 1101 4055 semper
1145 3976 1208 4037 in
1243 3974 1452 4055 'opido
1500 3975 1807 4053 Warada,
1877 3992 2099 4038 coram
2154 3975 2411 4055 egregio
2476 3975 2747 4058 Nicolao
2823 3954 2851 3970 ⁵

493 4081 577 4144 de
624 4083 857 4144 eadem
923 4081 1231 4160 Warada,
1299 4083 1535 4145 comite
1592 4084 1940 4145 comitatus
1988 4082 2070 4144 de
2117 4082 2431 4159 Zabolch,
2491 4100 2747 4163 semper

492 4189 810 4270 promptis
857 4206 1011 4251 curn
1058 4190 1320 4252 florenis
1367 4190 1507 4251 auri
1554 4190 1716 4269 puri,
1766 4190 1942 4252 omni
1990 4207 2205 4251 rerum
2254 4190 2461 4251 venali
2494 4190 2747 4253 estima-

490 4297 668 4358 tione
714 4297 982 4359 exclusa
1027 4314 1107 4358 ac
1155 4299 1342 4376 plene
1381 4303 1446 4359 et
1479 4298 1864 4376 integraliter
1909 4298 2161 4376 absque
2209 4297 2449 4360 scilicet
2498 4296 2747 4361 decima

492 4410 559 4465 et
604 4421 803 4482 nona,
850 4404 1142 4484 partibus
1184 4404 1338 4466 dare
1372 4411 1434 4466 et
1466 4406 1716 4466 solvere
1749 4404 2240 4483 assumpsisset,
2269 4422 2427 4484 ymo
2462 4405 2747 4485 prefatus

494 4510 835 4575 Johannes
881 4512 963 4574 de
1013 4512 1264 4574 Chahol
1318 4519 1539 4574 nostra
1587 4512 1944 4591 assumpsit
1994 4512 2055 4572 in
2104 4512 2427 4591 presentia
2474 4513 2579 4574 tali
2616 4512 2747 4573 vin-
