3475 5200
1647 328 1714 336 —
1790 298 2035 352 376-

721 521 968 584 tatione
1011 520 1308 583 eiusdem
1354 518 1600 584 domini
1647 517 1959 598 Symonis
1992 520 2319 600 'episcopi‘
2371 521 2437 583 in
2500 528 2722 583 nostre
2768 522 2985 600 gratia

722 629 941 691 sinum
983 627 1291 703 reductiS,
1339 627 1608 689 demum
1653 626 1826 690 idem
1871 627 1955 687 ab
1995 626 2183 690 istinc
2214 628 2297 689 ad
2331 627 2740 690 obsidionem
2774 629 2973 690 castri

719 734 1098 824 Jauriensis,
1145 735 1211 796 in
1258 751 1391 814 quo
1439 735 1658 813 ampla
1704 733 2023 796 dictorum
2055 733 2619 797 Theutonicorum
2651 741 2717 796 et
2755 734 2981 798 Bohe·2

721 850 980 906 morum
1025 849 1276 922 partem
1323 840 1543 921 regine
1599 839 1963 923 foventium
2029 848 2292 903 caterva
2336 841 2423 902 de
2467 839 2706 904 eodem
2750 849 2983 922 partes-

723 949 1091 1031 superiores
1137 948 1485 1029 predaturo
1532 964 1606 1010 se
1653 948 2007 1010 recluserat
2050 964 2168 1027 per
2214 964 2339 1010 nos
2385 966 2677 1011 unacum
2739 949 2981 1012 ceteris

723 1059 864 1121 suis
908 1056 1214 1119 fratribus
1261 1062 1325 1118 et
1370 1054 1599 1120 amicis
1638 1056 1880 1120 nostris
1911 1055 2154 1118 scilicet
2184 1055 2486 1118 fidelibus
2515 1056 2977 1130 transmissuS,

723 1165 1127 1246 plurimaque
1192 1164 1483 1228 virtuosa
1551 1169 1740 1243 gesta
1802 1162 1924 1225 illic
1971 1179 2096 1225 suo
2163 1161 2435 1225 consilio
2484 1180 2557 1225 se
2606 1170 2975 1226 ceterorum
3046 1223 3049 1234 ,

729 1289 1003 1335 suorum
1059 1271 1328 1334 fratrum
1394 1270 1615 1350 sagaci
1673 1287 1870 1349 opere
1934 1265 2275 1349 peragens,
2342 1278 2609 1350 captum
2676 1268 2979 1334 Ulricum

727 1379 1032 1442 comitem
1098 1377 1275 1456 Cilie,
1342 1378 1702 1441 eorundem
1766 1376 2324 1440 Theotonicorum
2390 1382 2456 1439 et
2520 1376 2973 1440 Bohemorum

724 1486 1139 1567 capitaneum
1187 1486 1380 1548 nobis
1426 1486 1511 1548 ab
1557 1486 1726 1547 illinc
1785 1484 2059 1548 adduxit
2102 1492 2323 1548 nostre
2388 1467 2740 1566 captivitati
2785 1502 2975 1546 man·

722 1594 1096 1673 cipandum,
1163 1601 1626 1673 postremoque
1702 1593 2034 1672 signanter
2108 1593 2545 1655 coronationis
2612 1598 2831 1655 nostre
2894 1599 2981 1653 ut

723 1701 1078 1788 plurimum
1103 1701 1243 1764 suis
1274 1699 1608 1762 laboribus
1637 1699 1857 1761 habite
1887 1704 2201 1777 tempore,
2236 1698 2355 1760 sed
2386 1715 2466 1760 ex
2500 1680 2651 1778 post
2678 1715 2979 1761 unacum

725 1807 894 1871 fideli
941 1814 1167 1871 nostro
1215 1807 1567 1888 magnifico
1613 1807 1850 1869 comite
1908 1803 2245 1885 Stephano
2309 1805 2391 1868 de
2457 1804 2725 1886 Rozgon
2772 1805 2979 1868 fratre

722 1933 848 1978 suo
895 1916 1153 1994 carnali,
1204 1915 1311 1995 qui
1359 1920 1423 1977 et
1469 1931 1645 1975 nunc
1693 1919 1997 1976 consorte
2045 1920 2111 1974 et
2154 1912 2446 1992 prolibus
2481 1913 2622 1976 suis
2654 1913 2717 1975 in
2751 1921 2973 1975 castro

724 2022 1124 2086 Posoniense
1170 2040 1285 2101 per
1331 2020 1571 2083 dictam
1613 2019 1911 2100 reginam
1976 2020 2258 2084 obsesso
2314 2020 2582 2083 reclusis
2629 2038 2782 2083 cum
2829 2022 2975 2083 suis

720 2130 1025 2208 gentibus
1080 2147 1199 2208 pro
1247 2129 1439 2192 nobis
1505 2128 1973 2191 exercitualiter
2037 2127 2409 2207 eampizat„
2438 2133 2663 2190 nostra
2709 2144 2975 2207 semper¹

723 2238 1040 2316 obsequia
1086 2235 1478 2299 continuans
1526 2241 1587 2296 et
1634 2252 1761 2297 nos
1827 2235 1892 2296 in
1940 2252 2177 2296 rerum.
2201 2234 2633 2313 gerendarum
2681 2235 2977 2297 novitate

723 2344 994 2424 provido
1041 2342 1310 2406 consilio
1357 2343 1663 2422 dirigenS,
1730 2359 1805 2404 se
1870 2342 2062 2405 nobis
2126 2341 2397 2404 reddidit
2452 2343 2643 2404 valde
2686 2349 2976 2421 gratum..

722 2450 1144 2530 Cupiensque
1191 2448 1475 2512 eundem
1521 2450 1717 2512 tantis
1747 2448 2245 2529 precedentibus
2278 2448 2517 2510 meritis
2556 2449 2609 2512 si
2647 2467 2780 2512 non
2813 2466 2977 2512 con-

727 2558 921 2638 digna
969 2556 1286 2620 mercedis
1350 2556 1784 2627 retributione,
1845 2558 2077 2620 saltem
2124 2555 2380 2635 aliquali
2429 2557 2981 2621 remunerationis.

723 2666 928 2746 gratia
973 2664 1315 2741 consolari,
1364 2671 1436 2727 ut
1484 2665 1920 2728 benivolentia
1965 2673 2189 2728 nostra
2235 2682 2433 2744 quam
2483 2665 2601 2727 sibi
2645 2667 2979 2731 hactenus

723 2790 981 2853 semper
1027 2772 1446 2836 favorabilem
1492 2773 1905 2839 ostendimus
1970 2791 2126 2853 erga
2189 2791 2342 2836 eum
2388 2791 2523 2837 non
2570 2775 2800 2837 remitti
2847 2774 2970 2836 sed

721 2881 944 2960 augeri
1014 2879 1330 2959 videatur,
1402 2889 1963 2962 recognoscatque
2040 2888 2214 2943 certa
2279 2882 2587 2945 exhabita
2649 2882 2973 2961 obsequia

718 2986 1175 3067 gratitudinem
1222 2987 1698 3069 recognitioniS‚
1747 2989 2079 3068 quandam
2128 2989 2401 3051 domum
2448 3006 2765 3068 magnum
2811 2989 2979 3068 lapi-

639 3116 646 3123 ·
720 3097 918 3158 deum
965 3096 1029 3158 in
1075 3095 1202 3156 hac
1248 3096 1508 3157 civitate
1549 3103 1775 3177 nostra
1820 3095 2127 3172 Budensi,
2185 3096 2250 3157 in
2298 3096 2442 3158 vico
2488 3095 2876 3174 Italicorum,
2924 3114 2967 3159 a

718 3209 897 3281 parte
944 3203 1235 3264 orientali
1280 3202 1587 3289 habitam,
1637 3222 1678 3264 a
1721 3203 1922 3266 latere
1968 3203 2451 3283 septentrionali
2494 3221 2616 3266 seu
2649 3204 2977 3283 superiori

719 3309 959 3371 scilicet
1003 3326 1044 3371 a
1089 3316 1270 3389 parte
1316 3308 1434 3372 fori
1481 3309 1736 3372 sabbati
1803 3309 2075 3373 domum
2123 3328 2243 3373 seu
2294 3309 2574 3373 fundum
2622 3311 2797 3373 curie
2846 3308 2975 3371 La-

719 3415 900 3478 dislai
971 3415 1053 3478 de
1113 3414 1387 3496 ScepuS‚
1450 3434 1492 3477 a
1556 3417 1957 3480 meridionali
2023 3435 2179 3480 vero
2245 3417 2519 3480 domum
2585 3417 2974 3498 Wolfgangi.

720 3522 876 3584 civis
941 3522 1266 3586 Budensis
1321 3524 1689 3587 immediate
1754 3524 2130 3602 habentem,
2197 3542 2325 3605 que
2371 3525 2634 3589 illustris
2699 3524 2965 3604 Georgii

719 3630 972 3708 despoti
1021 3629 1249 3692 Rascie
1296 3630 1636 3710 prefuisse,
1704 3632 1823 3694 sed
1871 3639 2131 3712 propter
2194 3638 2419 3695 notam
2464 3631 2855 3695 infidelitatis
2901 3636 2977 3693 et.

720 3737 1085 3799 rebellionis
1132 3737 1447 3814 eiusdem,
1496 3755 1696 3817 quam
1744 3739 1917 3800 idem
1963 3738 2154 3802 nobis
2201 3740 2402 3801 modo
2465 3739 2788 3819 premisso
2834 3739 2973 3802 hoc

715 3862 989 3924 regnum
1035 3844 1339 3923 legittime
1385 3845 1895 3925 ingredientibus
1943 3863 2016 3909 se
2062 3863 2103 3907 a
2148 3845 2347 3908 nostri
2392 3846 2558 3909 facie
2604 3846 2977 3909 absentans

716 3961 780 4015 et
826 3969 948 4014 nec
1004 3960 1279 4015 vocatus
1348 3969 1757 4032 comparenS,
1825 3959 1889 4015 et
1951 3953 2288 4033 presertim
2353 3954 2508 4033 quia
2573 3955 2740 4016 ultra
2786 3953 2977 4030 inud,

714 4062 892 4139 quod
938 4059 1072 4122 duo
1120 4060 1262 4123 eius
1310 4060 1416 4122 filii
1483 4061 1546 4122 in
1615 4060 1831 4123 medio
1898 4059 2267 4125 Turcorurn
2314 4061 2512 4123 huius
2559 4061 2737 4141 regni
2784 4077 2971 4122 emu-

715 4168 947 4241 lorum,
992 4167 1166 4231 idem
1200 4168 1623 4244 vastantium,
1673 4168 1981 4247 existunt,
2031 4170 2215 4231 solus
2262 4177 2512 4247 partem
2559 4168 2778 4247 regine
2820 4184 2969 4248 pre—

717 4274 884 4336 dicte
934 4282 1160 4338 contra
1206 4293 1331 4339 nos
1379 4284 1443 4338 et
1489 4276 1618 4338 hoc
1664 4293 1941 4355 regnum
2001 4275 2180 4338 fovet
2242 4282 2305 4338 et
2360 4275 2665 4338 homines
2730 4275 2831 4337 sui
2879 4276 2974 4339 de

717 4382 856 4444 suis
903 4383 1132 4445 castris
1179 4383 1242 4445 in
1291 4384 1419 4446 hoc
1465 4400 1668 4463 regno
1716 4383 1952 4446 habitis
1999 4383 2288 4446 fidelium
2332 4390 2705 4446 nostrorum
2750 4382 2965 4462 regni—

717 4489 1008 4551 colarum
1054 4490 1229 4552 bona
1284 4498 1547 4553 vastant
1616 4498 1680 4553 et
1744 4490 2116 4570 predantur,
2183 4490 2363 4552 iuxta
2410 4489 2973 4554 consuetudinem

2922 5138 3093 5159 .ffi.-
3272 5130 3289 5149 ι
3340 4780 3454 5158 1]
