3475 5200
1397 348 1787 401 -179—

468 570 896 632 decernentes
943 577 1010 633 et
1052 568 1552 646 committentes,
1582 574 1867 630 vestram
1914 567 2261 630 amicitiam
2311 570 2721 648 presentibus

469 722 1009 742 .........
1059 669 1440 758 [110]1111116111
1496 693 1612 756 pro
1656 674 2029 738 testimonio
2095 675 2515 755 fidedignum,
2586 694 2719 756 quo

468 793 768 865 presente
794 785 1119 865 Georgius
1137 785 1310 847 Zoor
1340 784 1422 846 de
1452 783 1696 862 Benye,
1728 784 1834 845 vel
1865 783 2154 845 Jacobus
2187 783 2268 845 de
2300 782 2717 862 Mendzenth,

467 893 567 955 sin
615 892 926 955 Nicolaus
972 893 1262 955 literatus
1309 891 1391 954 de
1439 892 1642 970 Mera,
1690 907 1857 953 neve
1909 890 2285 953 Anthonius
2340 891 2590 955 Parvus
2638 892 2718 955 de

467 999 735 1078 ZkarOS,
785 1001 886 1063 sin
943 999 1243 1063 Thomas
1295 1045 1768 1063 ........
1817 998 1997 1061 611113
2051 996 2227 1078 regia
2281 1016 2398 1078 per
2450 1016 2576 1061 nos
2633 1001 2718 1062 ad

467 1108 529 1170 id
593 1109 953 1188 specialiter
1020 1106 1465 1185 113115111155115,
1536 1106 1623 1170 3(1
1692 1107 1892 1170 facies
1962 1107 2414 1169 universorum
2485 1107 2717 1169 iurium

467 1215 1132 1294 possessionariorum
1164 1214 1732 1295 prefati-Johannis
1771 1213 1852 1278 de
1886 1213 2161 1292 Cbahol,
2196 1213 2306 1276 ubi
2355 1214 2508 1277 libet
2557 1214 2719 1276 intra

473 1322 789 1385 ambitum
835 1322 1033 1387 huius
1090 1322 1269 1402 regni
1326 1323 1695 1385 habitorum
1746 1323 1810 1401 ip
1860 1365 2388 1384 .........
2439 1315 2719 1403 [ν161]1115

470 1437 534 1492 61
609 1430 1079 1492 commetaneis
1144 1429 1500 1492 eorundem
1582 1429 1728 1492 filiis
1805 1435 1869 1491 et
1944 1429 2202 1492 filiabus
2277 1429 2579 1491 fratribus
2655 1435 2721 1490 et

467 1538 800 1600 sororibus
871 1538 1137 1617 pretacti
1202 1537 1519 1600 Johannis
1585 1538 1666 1600 de
1734 1536 1986 1599 Chahal
2058 1536 2333 1599 convicti
2398 1536 2720 1598 universis

467 1645 617 1707 inibi
664 1646 1063 1721 convocatiS,
1097 1645 1319 1707 habita
1366 1646 1546 1724 prius
1592 1645 1971 1707 earumdem
2000 1644 2309 1723 legittima
2356 1644 2719 1712 reambula-

465 1753 639 1815 tione
686 1759 752 1814 et
799 1753 1226 1830 estimatione,
1277 1753 1692 1831 exclusisque
1739 1752 1918 1832 prius
1961 1751 2365 1831 portionibus
2410 1768 2719 1831 quorum-

462 1861 615 1923 libet
680 1861 760 1923 de
827 1860 1093 1938 eisdem,
1153 1863 1432 1940 occupet
1494 1859 1749 1938 eadem,
1807 1868 2260 1939 occupataque
2324 1860 2388 1921 in
2455 1859 2718 1921 duabus

466 1969 757 2047 partibus
804 1969 1043 2031 nostris
1090 1967 1451 2044 iudiciarii5‚
1485 1968 1729 2030 interea
1760 1975 1981 2030 autem
2011 1974 2191 2046 parte
2224 1967 2373 2029 dicti
2405 1966 2718 2047 Symonis

467 2076 548 2138 de
593 2075 831 2138 Palocz
878 2077 1077 2156 partis
1125 2076 1367 2137 scilicet
1419 2074 1694 2138 adverse
1759 2074 2064 2136 manibus
2127 2082 2264 2137 tam
2330 2074 2440 2136 diu
2506 2059 2716 2137 done'c

466 2184 696 2246 eadem
726 2200 768 2244 a
799 2183 991 2245 nobis
1023 2188 1087 2245 et
1117 2182 1261 2263 ipsa
1292 2185 1473 2262 parte
1505 2181 1783 2245 adversa
1810 2200 1924 2263 per
1962 2199 2080 2245 eos
2111 2200 2390 2262 quorum
2423 2183 2717 2261 redemp-

465 2290 620 2353 tioni
667 2291 880 2370 magis
928 2297 1309 2370 competunt
1340 2289 1758 2368 redimantur,
1802 2296 2046 2352 statuat
2102 2290 2594 2369 possidendum.
2645 2287 2714 2352 Si

466 2398 575 2476 qui
620 2405 841 2460 autem
890 2397 1063 2460 dicta
1126 2399 1266 2460 iura
1331 2397 1852 2478 possessionaria
1915 2404 2238 2478 occupata
2283 2414 2356 2460 se
2404 2398 2715 2459 redimere
2806 2445 2813 2452 .

464 2506 628 2567 velle
675 2513 1094 2568 asseruerunt
1139 2505 1385 2568 eisdem
1434 2497 1704 2567 octavas
1752 2506 1898 2568 festi
1944 2507 2116 2567 beati
2149 2501 2406 2584 Georgii
2439 2504 2713 2567 martiris

468 2631 643 2675 nunc
696 2614 950 2676 venturi
1008 2632 1124 2694 pro
1175 2615 1450 2676 termino
1507 2614 2027 2695 redemptionum
2085 2614 2444 2676 eorundem
2493 2630 2711 2675 coram

468 2721 657 2783 nobis
703 2729 1159 2800 comparentes
1225 2722 1493 2802 deputet
1539 2728 1603 2784 et
1648 2722 1959 2801 assignet,
2008 2739 2112 2783 res
2168 2721 2362 2784 6113111
2419 2728 2482 2782 61
2538 2720 2714 2783 bona

469 2828 671 2908 ipsius
716 2829 1035 2891 Johannis
1083 2829 1164 2890 de
1213 2828 1465 2891 Chahal
1513 2830 1790 2892 convicti
1838 2829 1892 2891 si
1941 2848 2108 2908 quas
2155 2838 2218 2892 et
2265 2847 2393 2908 que
2440 2829 2712 2909 reperire

470 2936 740 2998 valuerit
786 2936 1095 2998 aufferrat
1141 2936 1407 2999 easdem
1457 2943 1520 2999 et
1566 2937 1796 2999 eadem
1837 2937 2227 3000 modosimili
2259 2937 2543 3000 exclusis
2570 2954 2714 3017 por-

467 3043 749 3105 tionibus
795 3044 1227 3122 quorumlibet
1261 3045 1342 3105 de
1372 3045 1617 3106 eisdem
1652 3045 1716 3106 in
1749 3045 2011 3107 duabus
2051 3045 2391 3107 iudiciariis
2438 3046 2501 3106 in
2536 3045 2714 3108 tertia

464 3158 688 3212 autem
718 3150 1008 3229 partibus
1038 3151 1184 3212 dicti
1214 3149 1524 3231 Symonis
1554 3152 1636 3214 de
1674 3151 1907 3214 Palocz
1939 3153 2139 3232 partis
2171 3153 2410 3214 scilicet
2441 3153 2715 3215 adverse

465 3258 769 3319 manibus
816 3258 923 3319 det
971 3267 1036 3319 et
1082 3258 1354 3338 asignet,
1403 3259 1796 3321 ocultatores
1843 3276 1998 3321 vero
2046 3259 2365 3322 dictarum
2406 3277 2618 3321 rerum
2651 3266 2716 3320 et

464 3366 789 3427 bonorum
822 3366 874 3427 si
907 3366 1016 3445 qui
1066 3365 1301 3428 fuerint
1330 3374 1394 3427 et
1425 3368 1691 3428 easdem
1740 3384 1820 3427 36
1868 3367 2099 3429 eadem
2133 3367 2214 3429 ad
2249 3368 2712 3429 amonitionem

468 3466 874 3554 [(116101·11111]1
947 3473 1099 3552 regii
1165 3482 1229 3535 et
1274 3475 1468 3535 vestri
1535 3474 1874 3535 hominum
1940 3474 2208 3537 reddere
2273 3475 2713 3537 recusaverint

463 3580 733 3641 eosdem
779 3580 864 3641 ad
912 3580 1119 3643 (116135
1167 3588 1439 3642 octavas
1471 3579 1616 3643 festi
1648 3581 1819 3643 beati
1853 3581 2115 3660 Georgii
2161 3582 2437 3644 martiris
2470 3582 2713 3662 regiam

466 3694 696 3749 evocet
742 3687 806 3748 in
857 3688 1270 3767 presentiam,
1296 3687 1614 3750 rationem
1659 3689 2071 3751 ocultationis
2116 3705 2343 3751 eorum
2394 3689 2712 3751 reddituri.

463 3792 547 3856 Et
611 3794 888 3875 posthec
952 3795 1155 3874 ipsius
1211 3796 1707 3875 possessionarii
1774 3798 2164 3873 5131111101115,
2241 3797 2712 3877 occupationis,

467 3901 892 3965 estimationis
945 3914 1027 3965 ‘ac
1085 3921 1298 3965 rerum
1356 3912 1419 3966 et
1469 3906 1791 3966 bonorum
1857 3905 2201 3968 ablationis
2259 3905 2511 3981 seriem,
2559 3921 2711 3965 cum

465 4010 839 4072 nominibus
886 4011 1058 4073 dicta
1112 4012 1253 4073 iura
1309 4008 1831 4092 possessionaria
1877 4020 2201 4093 occupata
2264 4029 2338 4073 se
2402 4012 2713 4074 redimere

462 4118 629 4179 velle
677 4118 1107 4180 asserentium
1156 4121 1720 4198 ocultatorumque
1769 4120 2085 4182 dictarum
2138 4137 2351 4181 rerum
2401 4125 2464 4179 et
2510 4119 2711 4180 bono-

466 4241 608 4286 rum
641 4242 721 4287 36
753 4232 1176 4288 evocatorum
1209 4227 1262 4289 si
1292 4227 1399 4306 qui
1449 4227 1682 4290 fuerint
1712 4227 1799 4289 ad
1830 4228 2098 4289 easdem
2147 4235 2417 4288 octavas
2448 4226 2714 4289 domino

466 4340 691 4394 nostro
739 4333 870 4413 regi
918 4333 1186 4398 fideliter
1240 4335 1625 4398 rescribatis.
1682 4335 1925 4397 Datum
1983 4335 2170 4397 Buda
2227 4334 2713 4414 septuagesimo

2787 2604 2893 2647 1454

2749 2678 2861 2733 maj.
2886 2679 2925 2723 1.

681 4556 697 4590 ¹
738 4565 782 4613 Α
820 4562 1265 4627 protocollumbol
1302 4560 1643 4628 kiegesaitve.

2501 4669 2595 4720 12*
