3475 5200
457 566 692 628 diebus
725 566 941 645 ipsum
971 565 1212 628 festum
1246 563 1744 645 precedentibus
1769 574 1832 628 et
1856 566 2409 644 subsequentibus
2441 565 2708 627 omnino

459 673 586 734 sub
655 657 932 735 hiisdem
988 674 1355 736 libertatum
1419 681 1482 735 et
1543 673 1894 752 gratiarum
1960 673 2400 761 prerogativis,
2471 673 2710 762 quibus

461 780 750 842 nundine
817 780 1147 842 civitatum
1208 787 1573 843 nostrarum
1641 780 1951 860 regalium
2022 780 2321 859 insignite
2386 777 2524 842 fore
2576 763 2711 859 per-

459 887 783 965 hibentur,
852 888 914 948 in
980 888 1400 967 possessione
1460 905 1582 950 sua
1629 888 1883 949 Kallow
1943 887 2226 967 predicta
2281 887 2344 948 in
2401 888 2713 949 comitatu

462 995 542 1057 de
567 995 833 1057 Zaboch
859 995 982 1056 sita
1003 995 1479 1074 perhempniter
1495 995 1919 1057 celebrandas
1940 1003 2003 1058 et
2022 995 2247 1073 iugiter
2267 994 2713 1073 peragendum

460 1103 796 1164 sancimus
844 1102 1330 1181 possessionem
1379 1103 1462 1164 ad
1509 1102 1787 1165 eandem
1834 1103 2113 1182 gratiose
2161 1100 2618 1164 concedendas
2650 1107 2714 1162 et

461 1211 818 1272 annuimus
875 1210 1269 1288 presentium
1341 1227 1454 1290 per
1531 1217 1846 1272 tenorem.
1915 1209 2325 1290 Quapropter
2386 1225 2510 1270 vos
2575 1209 2714 1270 uni-

461 1334 693 1379 versos
739 1324 1153 1391 mercatoreS,
1215 1316 1538 1379 institores
1595 1326 1658 1379 et
1713 1325 1965 1379 ceteros
2032 1315 2351 1395 quoslibet
2415 1316 2716 1378 homines

463 1442 614 1485 cum
664 1424 861 1485 rebus
905 1422 1246 1485 venalibus
1294 1432 1357 1485 et
1421 1422 1833 1503 quibuspiam
1901 1424 2225 1485 mercibus
2289 1423 2715 1502 procedentes

459 1530 859 1611 presentium
925 1531 1088 1593 serie
1154 1530 1528 1601 affidamu5‚
1585 1530 2017 1593 certificamus
2082 1538 2145 1592 et
2191 1547 2461 1594 securos
2514 1531 2717 1593 reddi-

463 1615 636 1716 mus,
694 1644 1018 1716 quatenus
1083 1656 1236 1700 curn
1301 1638 1498 1699 rebus
1563 1645 1627 1699 et
1692 1639 2020 1700 mercibus
2082 1638 2315 1699 vestris
2371 1638 2455 1699 ad
2512 1621 2718 1701 dictas

465 1745 794 1807 nundinas
840 1759 960 1806 seu
1008 1745 1222 1807 sorum
1281 1762 1598 1821 annuum,
1649 1745 1736 1806 uti
1787 1745 2221 1821 meminimuS,
2272 1744 2333 1806 in
2382 1753 2720 1824 pretaxata

463 1853 886 1932 possessione
935 1852 1185 1914 Kallow
1230 1859 1466 1914 vocata
1512 1851 1574 1913 in
1614 1852 2071 1914 festivitatibus
2108 1853 2409 1916 antefatis
2448 1853 2719 1931 singulis

465 1960 656 2021 annis
702 1967 1015 2040 perpetuo
1065 1959 1370 2021 celebrari
1434 1976 1792 2021 concessas
1839 1977 1954 2039 per
2000 1976 2124 2021 nos
2171 1968 2233 2021 et
2291 1960 2718 2021 commissum

467 2083 695 2129 secure
743 2074 807 2128 et
854 2068 1102 2145 absque
1159 2066 1337 2127 omni
1384 2083 1627 2146 pavore
1673 2066 1978 2145 pergatis,
2026 2066 2383 2146 properetis
2430 2074 2493 2128 et
2537 2084 2719 2129 acce-

467 2173 655 2250 datiS,
677 2175 1081 2254 peractisque
1112 2173 1262 2235 inibi
1288 2172 1354 2233 in
1392 2173 1831 2251 emptionibus
1863 2180 1926 2234 et
1956 2174 2436 2236 venditionibus
2468 2176 2719 2236 cunctis

467 2279 701 2342 vestris
747 2279 1116 2341 mercantiis
1163 2286 1226 2341 et
1273 2279 1821 2358 negotiationibus
1870 2275 1952 2340 ad
2003 2281 2261 2359 propria
2306 2282 2409 2342 vel
2455 2281 2539 2341 ad
2595 2282 2721 2343 alia

466 2388 634 2456 loca.
683 2404 812 2466 que
856 2387 1225 2463 malueritis,
1276 2403 1584 2462 remeare,
1635 2386 1902 2448 transire
1950 2395 2014 2449 et
2062 2387 2408 2466 procedere
2456 2388 2721 2467 possitis
2757 2407 2763 2412 ·

469 2511 698 2556 secure
745 2502 810 2556 et
866 2494 1156 2555 valeatis.
1192 2492 1406 2556 Salvis
1435 2493 1669 2556 vestris
1702 2495 1898 2556 rebus
1931 2511 2044 2573 per
2077 2494 2297 2555 omnia
2330 2502 2392 2556 et
2426 2496 2721 2574 personis

470 2603 598 2665 sub
665 2603 866 2665 tutela
912 2610 975 2664 et
1040 2602 1439 2681 protectione
1473 2608 1710 2687 *nostra
1758 2602 2041 2682 speciali.
2096 2601 2180 2663 Et
2236 2603 2358 2663 hec
2411 2604 2722 2666 volumus

469 2711 712 2789 ubique
746 2710 810 2772 in
849 2710 1012 2772 locis
1057 2710 1447 2772 necessariis
1493 2710 1709 2788 palam
1758 2710 1972 2771 facere
2021 2711 2431 2789 promulgari.
2481 2710 2721 2773 Datum
2800 2763 2903 2807 1390

471 2818 534 2883 in
603 2817 773 2880 Tata
837 2817 996 2878 feria
1066 2817 1289 2896 quinta
1354 2816 1650 2895 proxima
1713 2824 1865 2878 ante
1930 2817 2171 2879 festum
2238 2818 2722 2880 resurrectionis
2742 2837 2956 2881 mamm.

472 2925 737 3001 domini,
785 2941 962 2986 anno
1010 2923 1304 2986 eiusdem
1355 2923 1500 2983 ΜΙῦῃο
1549 2922 1794 2985 CCC¹¹¹⁰
1842 2924 2290 3003 nonagesimo,

686 3116 907 3179 Eredeti,
944 3114 1186 3181 hartylm,
1225 3114 1488 3181 hatlapjan
1538 3131 1678 3180 nagy
1727 3114 1907 3180 pecset
1944 3118 2264 3181 nyomaival,
2305 3119 2485 3170 alatta:
2528 3118 2724 3170 Relatio

472 3207 728 3258 Johannis
766 3208 856 3257 filii
895 3208 1103 3271 Georgi.
1142 3206 1214 3256 M.
1253 3205 1316 3256 N.
1356 3206 1425 3255 M.
1468 3204 1652 3269 Kallay
1691 3221 1766 3256 cs.
1805 3207 1859 3255 lt.
1890 3233 1957 3241 -
1997 3205 2240 3256 Csesztin
2279 3204 2336 3256 es
2376 3208 2552 3258 Borics
2580 3207 2726 3259 vara-

471 3298 574 3351 nak
612 3302 848 3347 ostroma
886 3296 1172 3361 Zsigmond
1211 3290 1482 3360 kiralynak
1527 3296 1792 3345 1389-ben
1831 3291 2042 3345 inditott
2088 3293 2417 3360 raczorszagi
2456 3296 2726 3362 hadjdrata

473 3388 599 3437 alatt
634 3384 844 3436 tortent.
885 3387 924 3436 E
964 3384 1052 3436 ket
1077 3384 1168 3435 var
1206 3383 1526 3436 ostromanzil
1555 3386 1776 3435 tiintette
1802 3386 1855 3435 ki
1892 3383 2069 3449 magat
2094 3385 2411 3451 Szerednyei
2438 3384 2615 3437 Istvzin
2640 3388 2724 3449 fia,

473 3475 655 3537 Jakab,
704 3477 859 3526 kinek
909 3477 1192 3548 Zsigmond
1252 3476 1400 3526 1398.
1449 3476 1595 3525 decZ.
1653 3479 1698 3527 1.
1749 3477 2063 3541 ungmegyei
2102 3474 2159 3525 es
2217 3474 2388 3541 egyeb
2443 3479 2727 3530 birtokaira

471 3566 792 3631 pallosjogot
817 3566 1166 3631 adomimyoz.
1197 3546 1454 3630 Wagner:
1487 3566 1618 3617 Con.
1647 3567 1778 3619 Gen.
1810 3566 1931 3617 Dee.
1972 3566 2008 3618 1.
2038 3568 2121 3617 77.
2152 3566 2276 3617 utan
2303 3565 2541 3618 Katona:
2571 3570 2634 3619 H.
2663 3568 2722 3620 C.

473 3653 560 3704 XI.
582 3656 702 3705 278.
724 3653 896 3719 Fejer:
920 3655 978 3706 C.
1002 3655 1082 3717 D.‚
1105 3652 1170 3721 X]
1181 3658 1220 3704 1.
1247 3657 1367 3706 525.
1408 3652 1726 3721 Ugyancsak
1756 3672 1817 3706 az
1850 3658 2025 3706 1389·i
2051 3655 2395 3721 badjaratban
2422 3673 2455 3706 a
2480 3658 2726 3709 Csesztin

474 3742 534 3794 ἐς
573 3745 750 3795 Borics
790 3742 912 3795 vara
950 3744 1076 3795 alatt
1110 3750 1336 3795 szerzett
1374 3743 1698 3796 erdemekert
1735 3746 1971 3810 nyernek
2010 3747 2155 3796 decz.
2185 3747 2234 3797 2.
2262 3744 2415 3796 ne'hai
2442 3745 2725 3812 Szecsen'yi

475 3831 670 3898 Konya
706 3832 811 3884 ban
851 3835 936 3884 fiai
976 3833 1239 3898 Frankes
1278 3833 1463 3885 Simon
1502 3836 1786 3900 Zsigmond
1828 3834 2068 3900 kirfflytdl
2096 3833 2148 3899 {xj
2177 3835 2481 3901 adomanyt,
2510 3838 2722 3900 Krasso,

475 3923 680 3985 TemeS,
720 3922 864 3973 Keve
902 3921 960 3973 e's
998 3926 1134 3974 Arad
1175 3921 1612 3988 varmegyekben,
1650 3926 1901 3974 valamint
1926 3925 2179 3990 egyebiitt
2206 3924 2365 3975 sekvo'
2395 3927 2723 3978 birtokaikra.

477 4011 700 4078 Ortvay:
739 4014 772 4064 i.
813 4028 881 4063 m.
927 4014 1223 4063 181—184.
1263 4011 1321 4063 es
1360 4028 1602 4079 ugyanaz
1633 4029 1737 4076 nap
1778 4012 1945 4063 Maria
1982 4012 2316 4079 kiralyndtol,
2354 4013 2426 4066 M.
2468 4015 2529 4067 Ο.
2570 4014 2638 4067 D.
2667 4018 2723 4068 L.

479 4102 632 4154 7659.
690 4117 767 4153 sz.
824 4102 1006 4152 Borics
1060 4100 1117 4151 es
1176 4101 1419 4153 Csesztin
1478 4101 1605 4153 vara
1651 4103 1801 4153 kbriil
1851 4109 2077 4153 szerzett
2114 4100 2453 4155 erdemeikert
2491 4107 2725 4170 nyernek

478 4190 763 4256 adomanyt
802 4191 1084 4256 Zsigmond
1142 4189 1385 4256 kiralytol
1446 4193 1596 4243 1389.
1655 4194 1802 4242 decz.
1850 4194 1896 4243 2.
1937 4191 2156 4257 Perenyi
2193 4191 2340 4244 Peter
2377 4196 2479 4254 fiai,
2516 4193 2723 4257 Miklos,

476 4278 638 4331 Jfinos
676 4278 736 4330 es
772 4281 923 4343 Imre,
963 4297 993 4331 a
1040 4281 1205 4345 Bereg
1241 4279 1629 4345 varmegyeben
1673 4281 1831 4332 fekv6
1890 4281 2221 4341 Potrenfalva
2257 4282 2363 4347 (ma
2400 4282 2726 4349 Podhereny)

475 4370 720 4432 birtokra,
777 4370 846 4421 M.
906 4371 968 4421 Ο.
1025 4370 1086 4421 D.
1144 4370 1199 4422 L.
1259 4372 1414 4422 7535.
1474 4386 1549 4421 ΒΖ.
1608 4398 1674 4406 --
1715 4371 1894 4423 Borics
1934 4370 2057 4421 vara
2096 4371 2416 4424 ostromanal
2452 4361 2729 4424 tanusitott

479 4454 822 4524 vitezsegeert
866 4458 1228 4525 Nagymihiuyi
1267 4460 1484 4525 Gyorgy
1521 4461 1604 4521 fia,
1644 4457 1827 4523 Janos,
1874 4462 2023 4512 1390.
2063 4459 2184 4525 maj.
2242 4463 2291 4513 8.
2340 4460 2502 4512 Maria
2540 4461 2726 4527 kiraly-

477 4547 622 4599 n6t61
659 4544 917 4599 Kovaszo
951 4547 1009 4599 es
1047 4546 1164 4599 Vari
1203 4548 1663 4615 beregvarmegyei
1701 4552 2004 4601 birtokokra
2042 4565 2173 4614 nyer
2209 4549 2263 4616 ὑ]
2291 4550 2591 4616 ειάοῐιιίιηγῒ.
2620 4550 2725 4602 Szt.
