3475 5200
1719 343 2111 396 -162—

791 564 1056 645 predicti
1112 581 1442 627 summam
1502 572 1766 626 centum
1822 564 2069 626 milium
2116 571 2180 626 et
2226 565 2697 644 quinquaginta
2753 566 3042 646 quinque

792 670 1039 734 milium
1111 671 1506 734 florenorum
1583 670 1720 733 auri
1787 670 1868 735 de
1934 672 2310 735 memoratis
2386 673 2578 735 bonis
2641 674 2845 736 modo
2907 691 3041 753 quo

792 795 1012 860 supra,
1057 778 1354 842 videlicet
1425 779 1712 858 quolibet
1788 796 1965 841 anno
2042 795 2161 841 sex
2225 780 2399 842 milia
2464 788 2527 843 et
2593 781 3039 861 septingentos

792 887 1077 949 florenos
1106 886 1246 948 auri
1278 886 1600 966 exigendo
1633 894 1696 948 et
1743 887 1827 948 ad
1861 887 2173 949 rationem
2209 895 2563 966 pretactam
2595 888 3039 968 computando

791 995 982 1075 plene
1047 993 1448 1074 perciperent
1510 1001 1574 1055 et
1638 993 1985 1074 exigerent,
2055 993 2199 1074 ipsa
2263 994 2438 1056 bona
2505 996 2757 1074 absque
2826 995 3041 1074 aliqua

790 1101 1068 1164 ulteriori
1146 1102 1471 1164 solutione
1555 1100 1936 1180 pretitulatis
2021 1101 2289 1163 domino
2318 1100 2648 1182 f5Georgio
2742 1101 3039 1181 despot0,

792 1208 1054 1271 domine
1109 1206 1305 1270 Erine
1361 1225 1440 1269 ac
1488 1207 1821 1288 GregoriO‚
1871 1205 2208 1288 Stephano
2256 1216 2319 1271 et
2368 1207 2616 1271 Lazaro
2661 1211 2766 1271 vel
2812 1226 3037 1271 eorum

791 1314 1141 1379 heredibus
1187 1316 1507 1378 remittere
1554 1315 1868 1378 deberent
1913 1323 1976 1378 et
2022 1323 2246 1379 essent
2292 1316 2574 1396 obligati,
2623 1323 3041 1380 assumentes

791 1423 983 1485 iidem
1063 1421 1385 1503 Georgius
1459 1423 1797 1503 despotuS‚
1879 1424 2144 1486 domina
2216 1423 2434 1501 Erina,
2514 1442 2591 1486 ac
2661 1423 3034 1504 GregoriuS,

792 1527 1171 1610 Stephanus
1236 1539 1300 1593 et
1366 1530 1654 1593 Lazarus
1727 1548 1854 1594 suo
1927 1549 2005 1593 ac
2070 1531 2383 1596 heredum
2450 1540 2514 1594 et
2578 1549 3037 1595 successorum

791 1654 1064 1700 suorum
1122 1638 1498 1710 nominibus
1553 1639 1841 1718 prefatos
1897 1638 2235 1701 dominum
2291 1639 2660 1701 Johannem
2719 1640 3038 1718 guberna·

793 1752 999 1808 torem
1071 1762 1153 1808 ac
1228 1745 1602 1808 Ladislaum
1672 1753 1736 1808 et
1808 1745 2123 1808 Mathiam
2201 1746 2371 1809 filios
2443 1762 2606 1808 suos
2682 1763 3039 1825 eorumque

792 1854 1067 1916 heredes
1115 1853 1178 1915 in
1224 1852 1501 1933 pacifico
1548 1853 1838 1915 dominio
1895 1853 2213 1915 dictorum
2272 1855 2597 1916 bonorum
2654 1853 2819 1915 infra
2882 1861 3036 1915 tem·

792 1977 920 2041 pus
965 1960 1427 2040 redemptionis
1474 1960 1834 2024 eorundem
1883 1977 2023 2023 sew
2071 1959 2521 2041 completionis
2568 1978 2827 2026 summe
2874 1961 3036 2041 prin·

792 2068 1016 2148 cipalis
1063 2075 1398 2148 prenotate
1445 2077 1670 2130 contra
1715 2067 2039 2148 quoslibet
2091 2068 2505 2148 impetitoreS,
2564 2068 2933 2130 causidicos
2977 2075 3038 2129 et

792 2182 1047 2237 actores
1122 2183 1361 2251 tenere,
1441 2192 1832 2238 conservare
1898 2184 1962 2238 et
2025 2175 2328 2255 expedire
2405 2175 2676 2254 propriis
2754 2176 2894 2237 suis
2963 2192 3037 2236 ac

793 2283 1151 2346 eorundem
1216 2283 1530 2346 heredum
1598 2291 1661 2344 et
1717 2300 2180 2346 successorum
2245 2300 2516 2345 suorum
2584 2282 2916 2344 laboribus
2979 2289 3039 2343 et

793 2390 1101 2471 expensis
1157 2391 1388 2453 harum
1445 2399 1815 2454 nostrarum
1872 2392 2219 2469 literarum,
2277 2391 2517 2470 quibus
2572 2389 2850 2469 sigillum
2899 2405 3039 2451 nos·

792 2505 964 2584 trum
1011 2513 1380 2578 appensum
1430 2504 1549 2575 est,
1596 2498 1820 2577 vigore
1867 2505 1931 2559 et
1976 2497 2348 2560 testimonio
2405 2495 2750 2560 mediante.
2800 2495 3037 2558 Datum

794 2607 859 2668 in
925 2612 1140 2668 castro
1193 2605 1551 2667 Zenderew
1598 2612 1856 2682 vocat0,
1905 2605 2183 2668 sabbato
2239 2604 2536 2686 proximo
2594 2611 2745 2666 ante
2803 2603 3037 2666 festum

793 2712 1203 2775 ascensionis
1258 2712 1523 2790 domini,
1580 2730 1758 2775 anno
1813 2712 2105 2776 eiusdem
2155 2712 2496 2775 millesimo
2552 2711 3036 2792 quadringente-

796 2820 964 2882 simo
1008 2819 1574 2900 quinquagesimo.

1010 2941 1402 3008 Szentgyiirgyi
1448 2939 1597 2993 Peter
1646 2940 1956 3007 orszagbiro
2003 2943 2136 2994 1506
2194 2944 2481 2994 november
2534 2940 2687 2993 16-an
2724 2939 2907 2992 Budan
2942 2941 3043 2990 kelt

795 3028 1098 3084 atiratiban.
1148 3032 1370 3093 Eredeti,
1396 3030 1597 3097 hartya,
1625 3029 2104 3083 votos-feher-zdld
2131 3029 2554 3096 selyemsonalrdl
2582 3028 2749 3097 stiggd
2773 3028 3036 3098 pecsettel.

797 3120 865 3172 M.
907 3120 969 3173 Ο.
1008 3120 1070 3171 D.
1111 3121 1168 3174 L.
1216 3122 1409 3174 37608.
1468 3135 1547 3173 sz.
1594 3121 1915 3171 Brankovics
1955 3120 2172 3187 Gyiirgy
2214 3119 2576 3187 deszpotanak
2619 3135 2827 3187 ugyane
2870 3118 3036 3185 tais-gy·

794 3211 901 3261 ban
946 3211 1097 3263 1450.
1135 3208 1258 3275 maj.
1303 3208 1458 3262 10-511
1494 3209 1838 3261 Szendr6ben
1875 3210 1980 3261 kelt
2016 3211 2252 3261 oklevele
2308 3211 2615 3276 ugyancsak
2661 3209 3035 3276 Szentgyorgyi

795 3298 943 3351 Peter
978 3297 1283 3366 orszagbiro
1322 3297 1607 3351 atirataban
1645 3316 1698 3354 u.
1735 3315 1788 3352 0.
1826 3300 1895 3350 M.
1937 3299 2000 3350 Ο.
2041 3300 2100 3351 D.
2142 3299 2197 3351 L.
2238 3301 2431 3352 37609.
2468 3315 2547 3355 sz-

619 2696 725 2739 1450

580 2767 691 2823 maj.
712 2767 754 2811 9.

1762 3482 2077 3545 CCXXX.

1545 3624 1716 3702 Pest,
1766 3622 1944 3688 1450
1978 3622 2133 3705 jan.
2184 3623 2290 3689 13.

795 3747 1000 3800 Paloczi
1037 3747 1226 3800 Laszlc'»
1264 3745 1570 3817 orszagbiro
1597 3749 1914 3813 meghagyja
1943 3764 1974 3798 a
1998 3749 2178 3799 leleszi
2214 3749 2568 3809 konventnek,
2594 3748 2739 3813 hogy
2777 3762 2838 3798 az
2878 3747 3038 3813 Upori

796 3836 979 3913 Balalzs
1017 3835 1360 3904 ozvegyenek
1399 3839 1502 3900 fiai,
1529 3835 1736 3904 Gaspar
1773 3834 1830 3888 e's
1868 3835 2062 3888 Tamas
2100 3835 2224 3888 altal
2260 3854 2292 3887 a
2330 3839 2651 3889 Brankovics
2677 3837 2899 3903 Gytirgy
2921 3834 3037 3888 riez

795 3930 1053 3994 deszpota
1088 3924 1147 3979 es
1184 3929 1273 3978 fiai
1311 3929 1466 3993 egyik
1504 3923 1797 3993 megbizott
1835 3928 2043 3977 embere
2091 3928 2223 3977 ellen
2271 3928 2556 3978 elkiivetett
2591 3924 3039 3978 hatalmaskodasi

795 4019 1010 4084 iigyben
1053 4014 1367 4082 vizsga'latot
1411 4022 1614 4070 tartson
1660 4032 1685 4067 s
1732 4033 1765 4066 a
1809 4032 2011 4081 panasz
2061 4018 2245 4082 alapos
2292 4017 2438 4068 volta
2483 4014 2663 4067 eseten
2717 4016 3042 4081 alpereseket

1740 4105 1922 4157 idezze
1961 4122 2095 4173 meg.

1010 4218 1255 4281 Amicis
1329 4219 1468 4282 suis
1534 4217 1903 4280 reverendis
1969 4218 2320 4280 conventui
2376 4217 2647 4280 ecclesie
2711 4217 2794 4278 de
2854 4215 3039 4279 Lelez

797 4343 1022 4389 comes
1087 4326 1428 4391 Ladislaus
1493 4327 1575 4389 de
1641 4326 1876 4388 Palocz
1942 4325 2139 4387 iudex
2214 4326 2387 4388 curie
2453 4325 2624 4406 regie
2692 4323 3036 4387 amicitiam

796 4438 1090 4512 paratam
1138 4451 1291 4496 cum
1335 4435 1606 4497 honore.
1656 4432 1904 4495 Dicitur
1929 4431 2121 4495 nobis
2153 4432 2216 4494 in
2252 4431 2550 4513 personis
2582 4430 2842 4495 illustris
2874 4430 3037 4512 prin·

797 4540 954 4621 cipis
1001 4540 1243 4604 domini
1291 4540 1547 4621 Georgii
1577 4539 1829 4622 despoti
1876 4540 2130 4603 Rwscie
2162 4557 2420 4602 necnon
2455 4538 2699 4617 Lazari,
2748 4536 3036 4618 Gregorii
