3475 5200
1470 377 1862 431 —131—

1530 616 1779 678 CXCssl

1260 812 1474 891 Euda,
1523 810 1719 874 1439.
1762 810 1916 894 jzin.
1965 810 2049 875 21

546 976 726 1026 Albert
783 972 949 1038 kiraly
1005 972 1133 1024 e16tt
1189 972 1463 1036 Helymbai
1513 967 1713 1022 Tamais
1773 973 1853 1032 fia,
1910 968 2157 1031 Sandrin,
2216 971 2536 1020 Brankovics
2575 971 2791 1050 Gxorgyr

546 1067 803 1128 deszpota
840 1063 1156 1123 familiarisa,
1196 1062 1469 1126 Rozgonyi
1508 1060 1708 1112 Istvant
1745 1077 1776 1110 a
1812 1061 1952 1111 Tura
1990 1061 2231 1110 birtokon
2269 1057 2425 1126 fekvo
2466 1058 2605 1109 5000
2634 1059 2792 1124 srtnyi

967 1151 1318 1217 zalogosszeg
1356 1149 1560 1201 selenek
1597 1148 1860 1200 lefizetese
1897 1148 2023 1200 selo}
2059 1147 2374 1216 nyugtazza.

764 1299 904 1362 Nos
983 1300 1291 1362 Albertus
1362 1300 1463 1362 dei
1531 1299 1747 1379 gratia
1824 1299 2268 1360 Romanorum
2348 1314 2460 1359 rex
2538 1314 2795 1375 semper

550 1416 879 1488 augustus
943 1425 1022 1469 ac
1091 1399 1444 1487 Hu'ngarie,
1518 1406 1851 1483 Bohemie‚
1929 1404 2267 1480 Dalmatie‚
2336 1402 2591 1484 Croatie
2673 1411 2773 1466 etc

550 1534 665 1579 rex
712 1521 775 1577 et
823 1515 957 1577 dux
1005 1516 1262 1604 Austrie
1310 1515 1619 1577 memorie
1668 1512 2217 1576 commendamus
2271 1529 2386 1591 per
2436 1519 2795 1592 presenteS‚

549 1623 731 1703 quod
769 1621 977 1686 fidelis
1015 1629 1239 1685 noster
1274 1622 1574 1702 egregius
1612 1619 1975 1684 Sandrinus
2014 1621 2183 1683 filius
2221 1619 2503 1682 condam
2540 1619 2796 1681 Thome

555 1732 635 1794 de
684 1730 1023 1810 Helymba.
1079 1729 1407 1792 familiaris
1462 1730 1700 1791 scilicet
1759 1728 1963 1790 fidelis
2020 1729 2220 1791 nostri
2279 1726 2488 1790 dilecti
2543 1727 2798 1789 illustris

557 1837 812 1918 Georgii
852 1837 1105 1916 despoti
1144 1836 1395 1914 Rascie‚
1436 1853 1658 1898 coram
1696 1835 1887 1898 nobis
1926 1834 2347 1914 personaliter
2384 1835 2796 1910 constitutuS,

553 1953 656 2008 est
704 1945 1053 2008 confessus
1100 1946 1163 2007 in
1212 1944 1686 2021 huncmodurn‚
1745 1943 1922 2022 quod
1979 1943 2368 2022 magnificus
2423 1941 2800 2022 Stephanus

557 2054 640 2117 de
686 2053 957 2132 Rozgon
1011 2053 1256 2132 pridem
1314 2051 1372 2113 T
1375 2051 1826 2126 hemesiensis‚
1884 2067 2059 2112 nunc
2116 2065 2273 2112 vero
2327 2050 2681 2112 Jauriensis
2727 2055 2800 2111 ’et

558 2160 860 2223 Albensis
900 2159 1327 2221 comitatuum
1367 2177 1612 2236 comeS,
1656 2159 1735 2220 de
1776 2158 1891 2220 illis
1927 2158 2214 2238 quinque
2252 2156 2510 2219 milibus
2539 2157 2800 2217 florenis

559 2268 715 2338 auri,
783 2266 1023 2346 quibus
1088 2267 1226 2346 ipse
1293 2274 1608 2329 annotato
1673 2267 1949 2346 despoto
2016 2264 2246 2328 Rascie
2302 2282 2420 2343 pro
2477 2264 2799 2325 solutione

561 2374 1022 2453 redemptionis
1079 2373 1488 2453 quarundam
1543 2372 2045 2452 possessionum
2101 2371 2347 2433 Thwra
2402 2377 2463 2432 et
2522 2369 2799 2451 Hewyz-

559 2481 860 2560 welghfse
907 2489 1288 2544 vocatarum
1337 2498 1416 2542 ac
1463 2488 1825 2542 ceterarum
1863 2480 2156 2541 villarum
2200 2485 2263 2541 et
2299 2478 2800 2557 possessionum

558 2590 644 2650 ad
701 2589 967 2652 easdem
1032 2590 1467 2669 spectantium
1531 2589 1692 2651 alias
1758 2586 1936 2668 apud
2001 2586 2213 2667 ipsum
2281 2583 2629 2666 despotum
2686 2604 2804 2667 pro

542 2696 894 2776 ⁴premissis
941 2698 1225 2776 quinque
1275 2697 1529 2759 milibus
1579 2696 1840 2759 florenis
1889 2696 2028 2757 auri
2077 2695 2237 2758 tituli
2287 2695 2573 2774 pignoris
2630 2694 2805 2756 habi-

560 2810 774 2865 tarum
795 2812 857 2867 et
871 2788 1138 2867 tandem
1169 2822 1283 2884 per
1314 2805 1719 2867 maiestatem
1754 2811 2045 2865 nostram
2072 2802 2188 2882 ipsi
2224 2802 2439 2865 comiti
2471 2799 2808 2883 Stephano

561 2912 646 2973 de
692 2910 960 2995 Rozgon
1007 2913 1070 2974 in
1119 2920 1503 2992 perpetuum
1552 2912 1871 2989 datarum,
1922 2912 2056 2973 duo
2103 2911 2276 2972 milia
2312 2917 2375 2972 et
2417 2910 2811 2990 quingentos

566 3020 849 3083 florenos
880 3020 1040 3097 auri,
1062 3020 1474 3082 medietatem
1505 3016 1746 3081 scilicet
1776 3025 2216 3098 pretactorum
2249 3019 2535 3097 quinque
2562 3016 2809 3080 'milium

565 3132 960 3193 florenorum
999 3128 1135 3189 auri
1174 3127 1352 3189 iuxta
1391 3127 1855 3189 continentiam
1892 3127 2241 3188 litterarum
2277 3124 2503 3205 prefati
2536 3124 2810 3203 despoti,

564 3237 687 3317 ipsi
717 3237 934 3299 comiti
966 3234 1304 3315 Stephano
1337 3234 1420 3296 de
1451 3234 1718 3313 Rozgon
1762 3234 2110 3315 superinde
2148 3233 2554 3308 directarum,
2589 3248 2811 3294 coram

569 3346 891 3423 nobisque
968 3361 1084 3423 per
1159 3336 1442 3405 eundem
1513 3342 1908 3406 Sandrinum
1973 3344 2036 3404 in
2103 3341 2318 3421 specie
2382 3339 2813 3420 predictarum

569 3458 937 3533 preasserto
985 3448 1328 3527 SandrinO,
1378 3451 1640 3512 nomine
1687 3456 1750 3515 et
1788 3450 1851 3510 in
1892 3466 2175 3529 persona
2220 3447 2508 3528 prelibati
2557 3445 2849 3525 Georgii‘

567 3559 844 3640 despoti,
904 3558 1147 3621 domini
1196 3558 1299 3620 sui
1355 3558 1679 3637 recipienti
1737 3557 2025 3620 dedisset
2071 3563 2135 3618 et
2182 3554 2619 3636 persolvisset,
2677 3554 2815 3615 sine

569 3666 832 3729 defectu
896 3665 1168 3751 aliquali.
1237 3665 1449 3746 Super
1512 3667 1751 3746 quibus
1817 3665 2055 3727 scilieet
2111 3662 2374 3725 duabus
2441 3661 2698 3724 milibus
2754 3668 2817 3721 et

569 3774 940 3854 quingentis
978 3774 1242 3836 florenis
1277 3775 1437 3853 auri,
1472 3775 1610 3853 ipse
1650 3773 2012 3835 Sandrinus
2045 3778 2479 3834 memoratum
2512 3769 2815 3832 comitem

574 3878 982 3962 Stephanum
1023 3882 1103 3944 de
1143 3882 1433 3962 Rozgon,
1473 3883 1734 3945 nomine
1769 3891 1831 3943 et
1863 3882 1925 3942 in
1959 3898 2240 3960 persona
2276 3877 2536 3940 antelati
2573 3875 2818 3940 domini

573 3990 697 4066 sui,
735 3988 969 4052 virtute
1006 3988 1329 4051 literarum
1368 3990 1661 4052 eiusdem
1699 3990 2133 4069 predictarum
2176 3988 2465 4067 quietum
2512 3984 2819 4048 reddidis-

573 4088 677 4159 set
703 4104 766 4158 et
795 4113 910 4176 per
932 4096 1154 4158 omnia
1177 4097 1574 4175 absolutum,
1603 4100 1823 4174 ymmo
1852 4095 2121 4167 reddidit
2152 4102 2215 4157 et
2247 4093 2568 4157 commisit
2598 4110 2818 4154 coram

575 4205 766 4287 nobis
797 4206 1196 4285 presentium
1222 4204 1591 4267 testimonio
1618 4205 1962 4266 mediante.
1990 4204 2232 4265 Datum
2259 4201 2463 4279 Bude,
2491 4201 2593 4262 die
2619 4200 2815 4262 domi-

578 4315 723 4375 nico
773 4313 1069 4393 proximo
1099 4320 1249 4374 ante
1289 4312 1527 4375 festum
1577 4312 1922 4374 nativitatis
1962 4312 2130 4373 beati
2169 4309 2487 4374 Johannis
2520 4309 2820 4388 baptiste,

576 4438 754 4484 anno
822 4419 1065 4483 domini
1131 4419 1472 4483 millesimo
1537 4419 2175 4499 quadringentesimo
2239 4415 2564 4503 tricesimo
2621 4432 2818 4478 nono,

796 4580 1024 4643 Eredeti,
1063 4582 1233 4647 papir,
1273 4578 1413 4646 aljan
1448 4576 1801 4645 papirs'olzett'i
1839 4576 2107 4644 pecsettel,
2147 4577 2218 4629 M.
2247 4577 2310 4629 Ο.
2338 4574 2409 4629 D.
2439 4576 2496 4629 L.
2531 4577 2716 4627 13414.
2748 4588 2822 4624 sz.

2716 4680 2773 4731 9-

2902 4409 3003 4451 1439

2860 4482 2961 4535 jun.
2988 4483 3055 4522 21.
