3475 5200
1729 378 2117 433 -382-

799 602 1046 682 grande
1094 619 1131 664 e
1176 608 1357 665 tanto
1403 601 1799 679 ster-minate,
1849 600 1971 664 che
2036 600 2101 663 in
2158 617 2317 663 vero
2362 599 2427 661 in
2474 607 2706 662 natura
2751 600 3050 662 humana

799 726 934 773 non
980 709 1124 773 foro
1171 708 1341 772 facte
1388 725 1544 789 may
1590 709 1818 786 simile,
1864 714 2046 788 parte
2088 706 2174 770 ad
2202 707 2459 769 minare
2502 707 2544 769 li
2576 724 2764 769 mura
2794 723 2831 768 e
2863 715 3048 788 parte

797 803 882 879 ad
927 816 1194 880 buctare
1237 823 1418 897 petre
1448 815 1883 897 grandissime
1928 832 2130 896 supra
2174 815 2235 876 le
2265 831 2562 895 persone.
2597 814 2693 877 La
2730 815 3047 896 longezza

798 923 881 987 de
929 932 1157 1004 queste
1203 923 1354 987 XIX
1399 923 1783 987 bommarde
1829 939 1866 986 e
1912 922 2320 1001 incridebele,
2366 922 2431 985 la
2460 923 2749 1003 magiore
2780 940 2818 985 e
2847 923 3049 1003 longa

800 1032 910 1095 dui
958 1033 1171 1095 caude
1218 1049 1255 1095 e
1300 1032 1518 1096 circha
1563 1031 1642 1094 V·
1671 1030 1889 1112 palmi,
1935 1032 1995 1093 le
2041 1036 2221 1111 petre
2252 1046 2422 1093 sono
2451 1035 2631 1093 tante
2661 1047 2892 1110 grosse
2922 1030 3046 1094 che

800 1156 889 1202 no
932 1140 992 1202 le
1039 1140 1289 1219 poteria
1333 1137 1704 1202 abracciare
1749 1138 1954 1201 horno
1992 1137 2115 1200 che
2152 1153 2241 1201 no
2271 1153 2619 1200 mancasse
2648 1135 2787 1219 duy
2816 1156 2859 1199 a
2888 1154 3049 1201 vero

797 1255 892 1310 tre
939 1245 1155 1327 palmi,
1202 1247 1285 1309 de
1329 1247 1511 1310 laltre
1555 1244 1939 1309 bommarde
1984 1262 2155 1309 nove
2197 1261 2474 1308 numero
2518 1262 2631 1307 ma
2676 1245 2894 1308 dicese
2921 1246 3047 1308 che

798 1372 834 1417 e
884 1354 1015 1432 CC,
1063 1354 1145 1417 de
1201 1353 1530 1435 scoppecti
1596 1370 1711 1435 per
1774 1360 1943 1415 terra
1986 1369 2025 1416 e
2070 1370 2186 1434 per
2248 1370 2463 1433 acqua
2525 1369 2617 1417 no
2663 1369 2702 1416 e
2747 1370 3047 1416 nurnero.

1014 1461 1084 1525 Li
1131 1462 1592 1542 bommardery
1654 1461 1696 1523 li
1744 1461 1857 1542 piu
1904 1460 2148 1542 experti
2217 1460 2339 1523 che
2403 1458 2552 1522 abia
2596 1461 2666 1522 lu
2711 1460 2961 1523 mundo
3007 1476 3046 1522 e

799 1586 1014 1632 sonno
1059 1569 1243 1631 multi
1285 1586 1395 1631 ma
1424 1564 1494 1632 4⁰
1530 1586 1748 1632 sonno
1780 1567 2318 1645 excellentissimi,
2350 1584 2487 1630 uno
2518 1566 2882 1645 Venitiano,
2906 1584 3049 1629 uno

799 1675 1173 1755 Todescho,
1222 1693 1259 1739 e
1302 1677 1486 1739 laltro
1542 1675 1817 1756 Ungaro
1888 1676 1946 1739 el
2010 1681 2243 1755 quarto
2289 1691 2427 1737 uno
2472 1674 2888 1738 Boscienese.
2960 1672 3053 1738 Et

800 1783 1110 1846 andando
1157 1784 1216 1846 el
1262 1790 1445 1864 patre
1488 1800 1606 1865 per
1648 1790 1863 1864 gente,
1912 1783 1975 1846 io
2020 1782 2256 1846 remasi
2303 1782 2425 1844 coli
2465 1781 2609 1845 frati
2645 1799 2685 1844 e
2715 1781 2861 1846 colli
2881 1782 3048 1862 libry

801 1896 866 1954 et
910 1889 1252 1971 victuaglie
1298 1893 1404 1954 nel
1448 1891 1641 1954 decto
1688 1890 1958 1954 castello
2022 1907 2307 1953 cassero.
2376 1888 2631 1951 Ponese
2694 1890 2760 1951 lu
2807 1905 3052 1970 campo

799 1997 896 2060 ad·
930 2014 1160 2079 presso
1207 1998 1328 2061 alle
1373 2005 1558 2080 porte
1604 2015 1686 2061 co
1732 1997 1915 2060 multi
1964 1996 2230 2059 mirabili
2279 1996 2537 2077 ingenii,
2587 1997 2709 2059 che
2754 1998 2815 2059 le
2860 1997 3052 2060 bom·

801 2106 1023 2168 marde
1072 2105 1154 2168 de
1199 2106 1263 2168 16
1306 2112 1476 2169 terra
1541 2122 1629 2168 no
1675 2105 1735 2167 16
1804 2110 2139 2185 potevano
2186 2102 2541 2167 offendere.
2613 2102 2761 2184 Chy
2806 2121 3051 2169 avaese

801 2212 1043 2276 veduto
1091 2214 1307 2292 quello
1352 2213 1475 2276 che
1521 2213 1584 2275 io
1629 2212 1788 2292 vidy
1833 2212 2081 2275 averria
2126 2211 2338 2289 decto,
2397 2211 2521 2274 che
2574 2227 2749 2274 onne
2797 2229 2960 2275 cosa
3005 2229 3051 2276 e

804 2326 1069 2401 coperto
1116 2320 1200 2383 de
1244 2335 1412 2384 neve
1455 2321 1616 2383 tanti
1664 2337 1867 2383 erano
1908 2320 1947 2382 li
1995 2318 2344 2400 pavillimy,
2393 2335 2505 2381 ma
2550 2334 2839 2381 cornuna
2869 2318 3047 2382 sama

804 2444 915 2490 era
960 2427 1083 2490 che
1147 2426 1405 2491 fossero
1471 2427 1840 2491 centomilia
1903 2432 2186 2507 persone
2250 2425 2730 2489 commactenti.
2793 2422 3055 2506 Spesso

802 2534 1083 2598 veniano
1130 2533 1213 2596 de
1260 2534 1537 2599 cristiani
1586 2534 1872 2616 renegati
1937 2533 2022 2598 ad
2069 2533 2183 2596 nui
2228 2540 2293 2596 et
2338 2549 2778 2598 reeeveanose
2820 2533 3050 2615 benig-

804 2649 1130 2706 namente.
1198 2641 1413 2705 Credo
1478 2638 1652 2727 5οὝο
1701 2642 1784 2706 (16
1831 2643 2103 2706 deverse
2168 2642 2413 2704 nationi
2480 2641 2760 2705 cristiani
2828 2658 3055 2707 sonno

809 2749 895 2811 da
920 2750 1059 2813 loro
1088 2750 1372 2813 exercito
1403 2748 1586 2831 sugiti
1632 2750 1718 2813 ad
1763 2767 1921 2831 noy.
1969 2748 2068 2812 De
2114 2766 2250 2830 poy
2295 2755 2390 2811 tre
2418 2747 2499 2811 di
2544 2750 2606 2812 16
2634 2750 2820 2830 galee
2851 2767 3039 2813 occu·

802 2874 1065 2938 pavano
1111 2857 1181 2920 lu
1211 2856 1516 2920 Danubio
1562 2875 1599 2921 e
1647 2857 1951 2920 chiusero
1994 2858 2064 2918 lu
2092 2873 2296 2937 passo
2328 2856 2451 2920 che
2498 2872 2582 2920 ne
2610 2855 2932 2920 victuallie
2962 2874 3055 2921 ne

802 2970 997 3044 gente
1045 2962 1167 3027 che
1214 2982 1288 3028 se
1333 2972 1781 3045 aspectavano
1826 2964 1912 3027 ad
1958 2965 2073 3027 nui
2120 2980 2209 3027 no
2256 2968 2495 3044 poteva
2538 2964 2779 3027 venire.
2845 2963 2935 3027 Et
2979 2966 3055 3028 lu

801 3078 1230 3150 governatore
1261 3078 1450 3136 stava
1480 3090 1561 3135 co
1594 3089 1720 3136 suo
1753 3071 2036 3135 exercito
2065 3071 2351 3133 dallaltra
2383 3077 2564 3151 parte
2595 3071 2699 3134 del
2718 3071 3049 3137 Danubio.

802 3175 1113 3241 Conclusi
1159 3195 1467 3243 eravamo
1513 3197 1551 3242 6
1578 3176 1955 3242 eii-cundati
1995 3195 2112 3259 per
2153 3185 2321 3241 terra
2366 3195 2403 3240 6
2447 3194 2566 3258 961·
2610 3195 2843 3258 acqua,
2890 3179 3055 3259 ogni

802 3284 864 3347 di
911 3291 1379 3365 aspectavamo
1424 3287 1488 3348 la
1533 3293 1743 3350 morte
1813 3293 1877 3348 et
1939 3286 1999 3349 le
2045 3286 2429 3349 bommarde
2494 3291 2672 3349 tucte
2732 3286 2794 3349 le
2856 3305 3051 3351 mura

805 3409 1063 3471 equava
1108 3392 1236 3456 alla
1279 3400 1448 3456 terra
1493 3410 1530 3456 e
1578 3410 1652 3456 se
1683 3411 1774 3456 no
1804 3392 2061 3457 sossero
2108 3393 2256 3456 stati
2296 3394 2337 3456 li
2367 3394 2599 3474 grandi
2628 3410 2667 3456 e
2693 3394 2853 3474 largi
2882 3394 3048 3458 fossi

801 3499 914 3579 piu
961 3499 1114 3562 fiate
1160 3499 1443 3563 sorriano
1487 3500 1529 3562 li
1575 3499 1846 3582 Turchy
1891 3502 2122 3566 intrati.

1014 3605 1416 3688 Speravamo
1449 3609 1594 3671 solo
1625 3608 1688 3670 in
1717 3607 2019 3672 Johanne
2048 3616 2480 3690 governatore
2512 3607 2635 3671 che
2682 3625 2923 3690 spesso
2970 3628 3048 3674 ce

802 3713 1185 3777 confortava
1230 3715 1353 3778 che
1396 3715 1522 3795 glie
1567 3732 1822 3779 veneva
1886 3716 1972 3778 ad
2018 3732 2414 3779 succurrere.
2487 3713 2894 3797 Speravamo
2941 3719 3046 3782 nel

799 3828 982 3903 patre
1029 3820 1152 3885 che
1199 3821 1263 3884 di
1309 3839 1346 3885 e
1391 3829 1583 3886 nocte
1648 3840 1738 3886 no
1800 3822 2134 3887 dormeva.
2202 3823 2270 3886 Io
2316 3840 2423 3885 me
2468 3822 2773 3905 infirmay
2817 3841 3057 3905 grave-e

801 3937 1020 3993 mente
1067 3946 1105 3993 e
1148 3929 1345 3992 locho
1375 3946 1466 3993 no
1492 3945 1820 3994 avevamo
1840 3947 2078 3993 securo
2101 3948 2218 4011 per
2235 3931 2296 3993 le
2331 3930 2733 3993 bommarde.
2767 3930 3053 3996 Andava

802 4054 1036 4117 spesso
1080 4054 1198 4118 per
1237 4037 1299 4100 le
1346 4053 1535 4100 mura
1576 4055 1616 4101 e
1659 4037 1945 4102 maxime
1999 4038 2180 4101 nauti
2245 4036 2369 4101 6116
2431 4035 2802 4101 infirmasse
2864 4039 3050 4102 nauti

802 4145 925 4208 che
970 4144 1228 4209 fossero
1271 4149 1462 4225 poste
1503 4144 1565 4208 le
1611 4142 2013 4208 bommarde.
2082 4142 2188 4209 No
2232 4161 2439 4226 pense
2502 4144 2742 4208 alcuno
2810 4144 2937 4210 che
2982 4147 3051 4211 io

803 4269 886 4314 ne
931 4252 1073 4315 frati
1122 4250 1205 4315 de
1251 4251 1666 4316 observantia
1702 4258 2119 4316 toccasserno
2164 4253 2307 4315 sola
2350 4268 2488 4315 una
2530 4259 2713 4333 petra
2758 4268 2843 4316 66
2885 4254 3057 4318 altro*

803 4376 918 4440 per
960 4359 1296 4423 offendere
1342 4377 1427 4423 66
1498 4359 1622 4423 6116
1676 4377 1797 4441 961·
1839 4366 2068 4425 nostro
2131 4360 2311 4423 detto
2376 4358 2559 4422 fosse
2621 4375 2779 4439 may
2823 4362 3049 4424 occiso

801 4481 938 4530 uno
956 4466 1270 4531 Turchiu.
1298 4466 1441 4531 Con
1465 4484 1631 4530 sana
1663 4465 2063 4532 conscientia
2081 4466 2424 4531 dicevamo
2454 4465 2779 4530 defendite
2802 4484 3043 4532 nomen

804 4573 1041 4640 Christi
1085 4581 1154 4637 et
1199 4573 1396 4638 fidem
1443 4574 1855 4653 catholicam,
1901 4575 2183 4656 repellite
2223 4574 2520 4639 inimicos
2549 4572 2765 4638 crucis
2786 4573 3044 4653 Christi,

3158 0 3217 12 -ιι
