3475 5200
1771 371 2160 425 -140—

1865 643 2074 708 CCIlI.

1421 836 1974 920 Sze'kessejeirvcir,
2025 838 2219 903 1441.
2269 842 2392 905 okt.
2438 839 2501 903 8.

843 999 880 1049 1.
924 998 1137 1050 Ulaszlo
1176 997 1342 1065 kiraly
1379 1000 1627 1065 Hunyadi
1666 998 1831 1051 Janos
1888 999 2085 1066 erdelyi
2142 1000 2401 1067 vajdanak
2439 1000 2497 1053 es
2534 1003 2718 1053 temesi
2770 1000 3091 1068 foispr'mnak

841 1087 1148 1142 kiiliinb626
1185 1090 1530 1150 alkalommal,
1567 1090 1753 1154 jelesiil
1793 1106 1823 1139 a
1861 1088 1979 1140 πᾶσι
2015 1089 2343 1141 hatarszclen
2369 1090 2519 1142 Izsitk
2548 1089 2651 1156 beg
2675 1089 2873 1157 (vajda)
2901 1091 3092 1142 ellend-

837 1180 943 1229 ben
973 1184 1202 1230 szerzett
1225 1177 1522 1244 erdemeire,
1545 1179 1665 1229 valo
1715 1180 2003 1230 lekinlettel
2042 1195 2073 1229 a
2118 1179 2633 1245 hunyadvatmegyei
2674 1180 2818 1232 Deva
2855 1180 3087 1232 varzihoz

1415 1268 1621 1320 tartozo
1664 1266 1788 1319 ,Ιόΐῦ
1828 1269 2058 1319 birtokot
2095 1268 2509 1334 adomimyozza.

1055 1414 1362 1495 Hunyadi
1410 1416 1613 1478 Janos
1661 1415 2039 1477 erdemeirol
2077 1435 2156 1477 az
2204 1415 2453 1478 oklevel
2500 1435 2542 1477 a
2589 1417 3081 1496 kovetkezokep

837 1521 1196 1590 emlekezik
1218 1540 1407 1603 meg:
1455 1572 1481 1598 „
1526 1571 1537 1582 .
1578 1571 1589 1583 .
1629 1572 1642 1586 .
1678 1523 1850 1585 Nam
1871 1524 2026 1585 dum
2050 1524 2189 1603 ipse
2210 1524 2329 1585 hiis
2359 1524 2589 1586 diebus
2610 1524 2857 1587 noviter
2876 1531 3078 1586 trans-

835 1630 1002 1692 actis
1039 1631 1272 1710 pariter
1306 1648 1456 1692 cum
1495 1638 1923 1711 supranotato
1956 1630 2226 1694 Nicolao
2258 1631 2456 1700 modo
2486 1632 2673 1694 simili
2704 1629 3079 1711 waywoda¹

837 1737 923 1798 ad
957 1738 1311 1799 tenendum
1345 1745 1407 1799 et
1433 1739 1964 1800 conservandum
1998 1746 2285 1800 castrum
2319 1738 2852 1801 Nandoralbense
2882 1740 3083 1818 depu-

838 1845 949 1906 tati
1001 1844 1276 1906 fuissent
1324 1851 1387 1906 et
1419 1852 1896 1923 consequenter
1919 1846 2002 1907 ad
2029 1847 2528 1926 occupationem
2553 1845 2848 1909 eiusdem
2879 1853 3083 1908 trans-

839 1952 1040 2028 missi,
1091 1953 1227 2032 ipse
1274 1951 1608 2014 Johannes
1655 1953 1826 2015 dicto
1874 1952 2142 2015 Nicolao
2191 1952 2513 2033 wayvode
2562 1953 2626 2014 in
2660 1954 3084 2034 occupatione

838 2060 986 2140 ipsa
1034 2059 1349 2122 assistens
1396 2069 1459 2121 et
1515 2060 1964 2122 concomitans
1997 2062 2125 2139 egit
2157 2061 2466 2123 continuo
2499 2063 2765 2124 solerter
2790 2066 2852 2122 et
2884 2062 3084 2123 tenuit

838 2175 1088 2247 partem
1112 2185 1325 2243 suam,
1363 2167 1469 2228 ubi
1496 2168 1837 2230 transactis
1871 2169 2297 2247 occupatione
2330 2176 2619 2249 pretacta
2649 2169 2787 2229 aliis
2820 2185 3079 2246 quoque

837 2294 969 2355 que
1037 2275 1186 2337 inibi
1261 2274 1519 2354 agenda
1573 2276 1905 2336 restabant
1962 2274 2246 2355 ipsisque
2294 2283 2569 2354 utroque
2619 2276 2965 2355 waywoda
3018 2276 3077 2336 in

837 2384 1124 2445 antelato
1175 2389 1388 2444 castro
1446 2382 1812 2444 constitutis
1877 2383 2061 2444 affuit
2125 2383 2496 2462 supradicto
2552 2382 2831 2446 Johanni
2888 2399 3075 2444 suum

834 2490 1130 2552 animum
1185 2495 1573 2552 strennuum
1629 2497 1783 2569 apta
1848 2490 2190 2552 exercendi
2248 2491 2603 2566 selicitudo,
2663 2508 2792 2569 qua
2846 2491 3077 2551 ductus

834 2616 1064 2677 ymmo
1128 2598 1347 2677 potius
1401 2606 1631 2660 vectus
1695 2599 1931 2660 levavit
1990 2598 2153 2661 illico
2200 2606 2409 2661 certas
2464 2615 2693 2661 secum
2755 2616 3077 2660 armorum

836 2706 1066 2784 copias
1114 2712 1177 2766 et
1225 2706 1308 2766 ab
1356 2706 1523 2766 illinc
1580 2706 1819 2767 finibus
1884 2707 2059 2786 regni
2112 2705 2340 2768 Rascie
2406 2706 2776 2785 penetratiS,
2824 2712 3077 2767 tenutas

781 2866 794 2875 .
836 2810 1229 2890 Tuscorum,
1280 2812 1490 2874 crucis
1541 2812 1774 2875 Christi
1823 2814 2111 2875 hostium
2160 2820 2454 2893 potenter
2500 2813 2750 2877 invasit.
2786 2813 3077 2892 Cumque

837 2921 1031 2981 trium
1082 2920 1332 2982 dierum
1381 2921 1696 2987 introrsus
1745 2920 1942 2983 ducto
1990 2921 2210 2983 itinere
2259 2930 2690 3002 preconcepta
2718 2923 3075 2983 emulorum

835 3027 1048 3106 spolia
1094 3029 1515 3103 cumulasset,
1564 3034 1628 3089 et
1675 3045 1757 3089 ex
1790 3028 1883 3089 eis
1913 3046 1948 3090 e
1988 3029 2261 3108 vestigio
2295 3035 2485 3110 capta
2516 3029 2716 3110 preda
2747 3045 3076 3107 regressus

836 3135 941 3196 sui
990 3135 1397 3197 continuaret
1444 3136 1615 3196 viam
1666 3154 1798 3197 non
1848 3135 2048 3199 defuit
2095 3144 2158 3197 et
2205 3137 2457 3198 inimice
2518 3136 2715 3216 partis
2762 3152 2958 3215 super
3002 3118 3107 3196 eo*

835 3249 988 3304 acta
1036 3243 1360 3321 vigilantia
1408 3243 1561 3322 quin
1596 3243 2022 3321 interceptum
2056 3243 2277 3305 eiusce
2311 3244 2551 3306 reditus
2580 3250 3075 3324 preoccupasset

837 3348 972 3425 iter,
1022 3367 1101 3411 ac
1150 3367 1270 3411 nec
1334 3350 1396 3411 id
1461 3349 1688 3429 prefati
1748 3352 2037 3412 strennui
2106 3351 2540 3414 belliductoris
2581 3350 2779 3412 nostri
2822 3349 3073 3429 vigilem

837 3458 1131 3519 notitiam
1164 3458 1359 3519 latere
1393 3458 1619 3537 potuit,
1648 3458 1958 3535 quoniam
1992 3476 2148 3519 mox
2179 3459 2467 3536 ipsorum
2497 3457 2900 3519 inimicorum
2925 3458 3076 3518 inter

836 3582 1011 3643 quos
1060 3565 1442 3627 sevissimos
1492 3566 1589 3626 ille
1636 3565 1790 3626 Izak
1836 3565 2187 3644 waywoda
2236 3565 2654 3645 personaliter
2699 3564 2886 3626 offuit
2936 3562 3074 3624 vici-

839 3673 1017 3733 nanti
1070 3673 1314 3733 insultu
1361 3673 1735 3751 precognito
1794 3673 2060 3753 partitas
2107 3673 2283 3734 acics
2330 3672 2552 3733 statuit
2600 3670 3073 3751 intrepidusque

834 3798 992 3841 cum
1041 3779 1135 3840 eis
1184 3796 1472 3859 pugnam
1504 3779 1657 3842 inire
1692 3788 1893 3859 parat,
1925 3780 2148 3857 sicque
2182 3786 2412 3841 mutuo
2446 3797 2805 3858 congressu
2832 3784 3071 3852 secut0,

833 3887 1105 3949 domino
1154 3888 1555 3948 exercituum
1604 3894 2020 3966 cooperante,
2050 3888 2213 3948 illico
2260 3888 2625 3949 emulorum
2657 3903 2770 3967 per
2810 3886 3072 3965 primam

836 4002 1212 4057 nostrorum
1278 3994 1485 4056 aciem
1553 4001 1744 4074 rupta
1809 3996 2047 4057 choors
2111 4012 2347 4074 campo
2413 3996 2627 4070 cessit,
2692 3999 3073 4070 vertensque

835 4108 1015 4181 terga
1074 4103 1225 4180 fuge
1286 4102 1452 4181 cepit
1510 4109 1768 4182 captare
1818 4102 2191 4182 presidium,
2240 4102 2376 4163 aliis
2424 4120 2507 4164 ex
2577 4120 2657 4164 ea
2720 4100 3073 4181 captivatiS,

833 4211 977 4272 aliis
1027 4209 1261 4271 ibidem
1315 4227 1474 4271 nece
1524 4210 1761 4286 stratis,
1812 4217 2061 4271 ceteros
2119 4210 2313 4271 etiam
2387 4228 2665 4289 quorum
2734 4209 2895 4287 fuga
2944 4223 3072 4286 per-

832 4334 1039 4378 sonas
1088 4319 1390 4379 tuebatur
1437 4336 1476 4378 a
1526 4325 1752 4394 morte,
1788 4334 1901 4396 per
1948 4326 2210 4380 nostros
2258 4318 2451 4395 longe
2500 4318 2761 4395 lateque
2810 4312 3072 4377 insecuti

1056 4560 1070 4591 ¹
1113 4565 1303 4630 Ujlaky
1341 4565 1532 4615 Miklos
1571 4564 1767 4630 erdelyi
1804 4566 1976 4629 vajda.
