3475 5200
1417 397 1807 449 -181-

488 622 991 696 consortemque
1041 615 1335 679 eiusdem
1396 617 1557 679 Petri
1607 616 1895 679 Zenthes
1941 616 2242 678 letalibus
2309 616 2624 677 wlnerum
2674 624 2740 679 et

473 724 818 787 verberum
865 723 1073 804 plagis
1121 723 1554 802 sauciassent,
1641 724 1968 786 antefatos
2014 724 2208 786 etiam
2266 721 2627 784 Osvaldum
2676 728 2740 785 et

479 831 738 894 Petrum
781 830 1126 894 familiares
1151 830 1472 893 dictorum
1531 832 1999 912 exponentium
2032 830 2463 910 captivandos
2483 839 2739 909 captos-

477 956 605 1017 que
651 938 714 1000 in
762 955 989 1001 eorum
1037 937 1313 1000 vinculis
1360 944 1496 1000 tam
1582 938 1713 1016 diu,
1773 938 1984 1001 donec
2041 939 2329 1018 ipsorum
2388 938 2740 1018 placuisset

479 1046 814 1121 voluntati,
863 1054 1389 1111 conservassent.
1447 1047 1550 1111 Eo
1599 1065 1733 1110 non
1767 1047 2052 1110 contenti
2086 1053 2380 1124 tempore
2405 1045 2469 1106 in
2501 1044 2739 1107 eodem

482 1154 822 1217 universas
899 1171 1139 1233 pecora
1203 1162 1268 1217 et
1334 1156 1624 1234 pecudes
1694 1156 2119 1234 iobagionum
2190 1151 2416 1234 prefati
2493 1151 2736 1214 domini

487 1259 746 1341 Georgii
777 1261 1032 1341 despoti
1064 1261 1298 1323 eodem
1324 1261 1706 1325 Kerezthwr
1738 1262 2158 1325 residentium
2192 1258 2572 1337 auferend0‚
2603 1275 2737 1338 quo

479 1384 706 1429 eorum
753 1368 1106 1447 placuisset
1151 1370 1467 1431 voluntati
1541 1369 1965 1450 depulissent,
1998 1370 2286 1448 potentia
2316 1368 2640 1430 mediante
2674 1365 2739 1427 in

483 1474 832 1554 preiudicio
879 1484 942 1537 et
988 1477 1359 1556 dampnum
1413 1476 1733 1540 dictorum
1782 1477 2265 1556 querulantium
2292 1476 2735 1538 manifestum.

479 1579 691 1663 Super
754 1599 887 1662 quo
958 1583 1242 1645 fidelitati
1338 1592 1552 1647 vestre
1610 1584 1874 1647 firmiter
1928 1584 2345 1659 mandamUS‚
2412 1591 2740 1662 quatenus

484 1699 775 1753 vestrum
845 1690 1112 1753 mittatis
1159 1691 1494 1754 hominem
1542 1709 1660 1773 pro
1705 1692 2081 1754 testimonio
2138 1690 2559 1771 fidedignum,
2607 1706 2740 1769 quo

481 1805 781 1875 presente
827 1797 1190 1860 Damianus
1225 1798 1307 1862 de
1365 1798 1670 1878 Zombor,
1703 1809 1819 1862 aut
1849 1797 2160 1861 Nicolaus
2193 1799 2295 1859 vel
2327 1798 2568 1859 Paulus
2601 1798 2740 1861 sive

487 1905 761 1967 Michael
808 1906 907 1968 sin
957 1905 1184 1968 Petrus
1233 1906 1316 1968 de
1364 1907 1619 1984 eadem,
1670 1924 1836 1968 neve
1884 1906 2202 1968 Martinus
2245 1904 2327 1967 de
2366 1904 2740 1967 Biczofalva

486 2030 609 2075 eeu
658 2012 886 2075 Petrus
918 2013 1001 2075 de
1033 2015 1207 2075 Azar
1237 2011 1548 2088 (kihuzva
1585 2029 1707 2089 „an
1740 2014 2079 2076 Johannes
2126 2015 2206 2076 de
2254 2011 2555 2087 eadem“)
2600 2011 2739 2074 aliis

490 2120 873 2182 absentibus
914 2121 1115 2183 homo
1159 2129 1382 2184 noster
1412 2121 1576 2184 scita
1605 2121 1872 2183 veritate
1920 2122 2409 2202 premissorum,
2452 2118 2740 2200 prefatos

495 2227 754 2289 Petrum
813 2235 878 2290 et
935 2227 1279 2290 Nicolaum
1328 2246 1406 2289 ac
1453 2228 1862 2306 Michaelem,
1911 2226 2321 2308 Stephanum
2361 2234 2426 2290 et
2463 2226 2738 2288 Paulum

487 2351 746 2396 necnon
791 2336 1184 2413 Johannem‚
1234 2335 1607 2399 Emericum
1657 2336 2001 2412 literatum,
2052 2333 2467 2416 Stephanum
2518 2333 2741 2396 Kakas

487 2449 549 2502 et
598 2441 980 2505 Michaelem
1011 2443 1358 2506 familiares
1392 2443 1684 2523 ipsorum
1719 2451 1945 2506 contra
1976 2444 2298 2505 antelatos
2332 2448 2739 2522 exponentes

488 2551 573 2612 ad
623 2556 895 2614 octavas
944 2549 1088 2613 sesti
1133 2551 1304 2614 beati
1344 2550 1603 2631 Georgii
1636 2551 1909 2614 martiris
1942 2568 2117 2613 nunc
2148 2550 2401 2614 venturi
2435 2556 2726 2613 nostram

486 2658 838 2737 specialem
869 2666 1098 2721 evocet
1129 2660 1191 2721 in
1225 2660 1638 2739 presentiam,
1673 2660 1984 2721 rationem
2020 2660 2483 2739 premissarum
2518 2657 2724 2720 reddi-

489 2765 632 2841 turi,
682 2766 787 2827 lite
836 2766 1161 2845 pendente
1222 2767 1275 2828 si
1328 2785 1462 2846 qua
1524 2766 1690 2829 foret
1757 2768 1922 2830 inter
1981 2766 2162 2846 ipsos
2221 2784 2353 2828 non
2417 2768 2739 2828 obstante.

487 2871 889 2935 insinuando
939 2873 1175 2936 ibidem
1211 2874 1456 2936 eisdem
1491 2881 1562 2936 ut
1592 2875 1730 2937 sive
1765 2875 1886 2954 ipsi
1916 2874 1981 2936 in
2014 2873 2200 2936 dictis
2234 2874 2486 2936 octavis
2519 2890 2742 2935 coram

489 2979 722 3041 eadem
774 2986 997 3042 nostra
1043 2982 1306 3060 speciali
1355 2983 1678 3062 presentia
1727 2988 2151 3061 compareant
2202 2981 2340 3043 sive
2399 2998 2555 3058 non,
2616 2997 2744 3042 nos

488 3088 574 3148 ad
622 3086 823 3167 partis
869 3090 1310 3168 comparentis
1357 3090 1737 3151 instantiam
1789 3088 1852 3150 id
1900 3088 2218 3151 faciemus
2266 3089 2328 3149 in
2385 3088 2744 3167 premissiS,

490 3193 673 3274 quod
719 3194 836 3256 iuri
883 3195 1205 3257 videbitur
1252 3196 1574 3276 expedire.
1625 3195 1711 3259 Et
1745 3204 1897 3277 post
1945 3196 2067 3259 hec
2114 3195 2489 3258 huiusmodi
2537 3196 2745 3275 inqui·

492 3302 764 3378 sitioniS,
814 3303 1236 3381 evocationis,
1287 3310 1350 3366 et
1382 3304 1841 3366 insinuationis
1871 3304 2103 3366 seriem
2131 3321 2281 3366 cum
2316 3311 2741 3366 evocatorum

489 3408 868 3472 nominibus
915 3418 1185 3472 octavas
1232 3411 1317 3472 ad
1365 3411 1757 3490 prescriptas
1803 3412 2013 3473 eidem
2064 3417 2283 3474 nostre
2316 3395 2577 3491 speciali
2601 3428 2740 3491 pre·

488 3516 695 3578 sentie
742 3515 1013 3577 fideliter
1057 3517 1443 3580 rescribatis,
1488 3518 1730 3579 Datum
1783 3518 1966 3580 Bude
1998 3518 2063 3579 in
2089 3518 2259 3581 festo
2293 3519 2741 3581 conversionis

487 3623 659 3685 beati
705 3622 883 3684 Pauli
915 3624 1193 3702 apostoli
1241 3642 1419 3687 anno
1451 3626 1694 3688 domini
1723 3626 2067 3688 millesimo
2100 3626 2740 3707 quadringentesimo

492 3729 1039 3810 quinquagesimo
1090 3737 1340 3809 quart0.
2781 3813 2800 3868 J
2807 3740 2958 3856 :ga-125

2798 2532 2903 2576 1454

2778 2609 2891 2665 maj.
2926 2613 2969 2654 1.

705 3852 911 3916 Kiviil
935 3873 957 3916 .·
1029 3855 1249 3918 Homo
1298 3857 1518 3937 regius
1573 3857 1886 3920 Nicolaus
1932 3858 2014 3920 de
2060 3858 2360 3934 Zombor,
2412 3859 2740 3939 kaptalani

489 3952 686 4025 frater
715 3963 1090 4026 Anthonius
1111 3964 1174 4025 in
1197 3964 1690 4044 Zempleniensi.
1717 3965 1903 4028 Feria
1925 3967 2108 4028 tertia
2127 3975 2277 4046 post
2301 3966 2540 4029 Mathie
2570 3964 2740 4029 idez·

486 4069 692 4132 tettek
731 4087 900 4149 meg·
952 4069 1194 4132 Datum
1244 4082 1476 4151 quarto
1524 4074 1646 4138 die.
2760 4026 2878 4071 ‘’b‘'
2904 4025 2975 4069 ²⁸·

2759 4133 2974 4177 marcai.

704 4300 929 4364 Eredeti,
966 4302 1132 4367 papir,
1172 4300 1402 4352 zarlatan
1442 4300 1623 4366 pecset
1659 4301 2026 4353 toredekeivel.
2084 4303 2283 4358 Lelesz‚
2325 4308 2561 4354 actorum
2618 4304 2739 4356 anni

489 4394 648 4444 1454.
687 4388 786 4441 No.
833 4391 910 4441 16.
