3475 5200
1421 356 1814 409 —187—

499 578 565 638 10
611 577 765 654 qual
812 577 901 639 ha
946 574 1099 638 dato
1148 577 1249 639 alli
1289 576 1557 655 Ungari‚
1607 576 1908 640 Golubaz
1937 584 2001 638 et
2028 577 2381 640 Xarnavvo
2410 583 2475 640 et
2504 578 2743 640 assais-

489 684 660 747 sima
724 682 915 747 hoste
982 684 1017 744 e
1059 690 1349 763 passato
1415 686 1475 746 el
1540 685 1845 747 Danubio
1893 685 2039 747 delli
2094 685 2342 765 Ungari
2395 685 2632 748 dieono
2679 686 2744 747 in

493 809 666 855 suxo
732 790 814 854 de
881 793 1106 854 cavalli
1176 792 1307 855 200
1371 793 1544 854 milia
1590 801 1655 855 et
1701 793 1783 855 de
1830 792 1893 855 di
1947 794 2012 855 in
2067 790 2131 855 di
2195 800 2452 873 aspetta
2515 797 2619 873 qui
2691 797 2743 853 el

493 901 666 963 duca
725 901 998 978 novelle,
1070 901 1192 963 che
1240 900 1500 963 debono
1557 918 1738 963 esser
1783 902 1905 963 alle
1953 917 2147 962 rnane
2196 918 2348 963 curn
2394 901 2434 964 li
2481 899 2743 969 Tui-clm

495 1015 559 1071 et
605 1010 668 1071 lo
723 1008 970 1087 grande
1016 1007 1284 1098 Turcho
1331 1008 1386 1070 si
1435 1007 1469 1069 e
1518 1008 1582 1070 in
1630 1006 1879 1088 Sophia
1925 1015 1990 1070 et
2035 1007 2074 1070 li
2122 1009 2381 1071 intende
2445 1021 2743 1089 aspectat-

493 1118 553 1177 el
600 1133 838 1194 campo
886 1115 967 1177 de
1016 1115 1278 1195 Ungari.

711 1223 1022 1286 Anchora
1067 1223 1377 1286 habiamo
1424 1211 1724 1285 eomo'el
1772 1225 1995 1304 signor
2058 1224 2291 1304 despot
2338 1225 2426 1286 ha
2461 1223 2743 1286 affedam

493 1332 555 1392 la
602 1347 723 1394 soa
772 1330 1031 1410 figliola,
1080 1332 1296 1410 quella
1342 1331 1464 1393 che
1502 1331 1570 1393 fo
1617 1331 1914 1393 maritata
1960 1330 2024 1394 in
2077 1332 2323 1411 grande
2366 1331 2635 1394 Turcho
2683 1333 2743 1393 in

495 1439 633 1501 Pan
681 1438 874 1515 Isera‚
922 1440 987 1500 lo
1017 1439 1170 1518 qual
1198 1438 1336 1501 Pan
1383 1438 1557 1500 Isera
1604 1438 1639 1499 ὲ
1678 1446 1924 1502 venuto
1971 1438 2055 1500 ad
2101 1423 2279 1502 aiu'to
2327 1446 2391 1501 et
2437 1456 2743 1501 SOCCGrffls

495 1547 597 1609 del
643 1546 867 1627 signor
912 1547 1169 1626 despot,
1216 1553 1281 1608 et
1327 1546 1562 1610 dicono
1611 1548 1755 1609 chel
1803 1564 2040 1628 campo
2087 1547 2229 1610 delli
2278 1546 2526 1626 Ungari
2580 1549 2743 1609 seria

495 1660 767 1734 passato
834 1654 896 1716 in
955 1656 1175 1717 avanti
1243 1639 1377 1716 ma¹
1414 1661 1774 1735 aspectano
1822 1656 1861 1717 il
1908 1672 1974 1717 re
2023 1655 2103 1716 de
2150 1655 2418 1717 Polonia
2473 1655 2531 1717 el
2595 1657 2743 1733 qual

492 1762 643 1823 vien
696 1780 851 1824 eum
900 1762 1334 1842 grandissima
1372 1770 1568 1841 gente
1614 1764 1677 1825 lo
1725 1763 1878 1842 qual
1922 1780 2015 1826 se·
2044 1771 2312 1843 aspecta
2357 1763 2438 1825 de
2472 1762 2534 1825 di
2569 1764 2631 1825 in
2667 1765 2743 1821 th-

494 1867 580 1929 Et
626 1871 933 1933 venendo
980 1871 1039 1931 el
1087 1869 1284 1947 dett0,
1342 1887 1410 1932 re
1458 1887 1530 1932 se
1577 1887 1936 1933 moverano
2001 1871 2086 1932 ad
2149 1872 2355 1933 andar
2407 1871 2470 1932 in
2529 1873 2743 1931 avanti

491 1994 648 2038 curn
698 1979 762 2039 10
809 1977 987 2040 ainto
1034 1978 1116 2039 de
1165 1977 1444 2040 Christo,
1495 2011 1583 2021 —
1630 1987 1752 2040 ete.

711 2102 875 2166 Date
900 2103 966 2166 in
992 2104 1220 2167 Choza
1240 2105 1458 2167 veneri
1484 2105 1564 2167 de
1590 2106 1836 2167 matina
1860 2108 1900 2165 a
1924 2104 1987 2169 di
2022 2105 2118 2168 13.
2144 2103 2526 2185 Septembre
2556 2105 2739 2165 14:141
2809 2154 2817 2155 ff

708 2261 921 2313 Milanoi
960 2248 1018 2313 Ᾱ.
1061 2261 1116 2313 L.
1157 2262 1208 2313 P.
1254 2260 1318 2313 E.
1361 2263 1424 2315 U.

1506 2550 1740 2614 CCLII.

1148 2747 1568 2825 Srebreuica,
1600 2744 1798 2809 1454.
1835 2747 1960 2809 okt.·
1992 2743 2100 2810 10.

493 2909 537 2956 Α
584 2907 900 2957 srebrenicai
955 2908 1165 2971 ragusai
1232 2907 1369 2971 telep
1427 2904 1734 2971 kozonsege
1801 2902 1999 2956 ertesiti
2055 2907 2264 2971 Ragusa
2317 2902 2550 2967 varosat,
2604 2909 2747 2970 lmzjc

494 2996 743 3060 Hunyadi
801 2993 964 3046 sanos
1021 3000 1189 3060 szept.
1248 2998 1332 3048 29.
1372 2993 1564 3061 atlepte
1629 3011 1659 3044 a
1717 2993 1907 3057 Dunait,
1966 2994 2356 3046 Krusevacznal
2411 2993 2651 3060 legyozte
2723 3022 2743 3042 ,ι

494 3087 721 3147 ίότὸὲὸῐ,
775 3086 1097 3137 Brankovics
1156 3087 1376 3151 Gyorgy
1423 3084 1481 3136 es
1539 3086 1720 3136 Czillei
1762 3085 1907 3137 Ulrik
1961 3086 2118 3136 hadai
2165 3086 2325 3151 pedig
2363 3101 2393 3135 a
2433 3085 2743 3150 Hunyadffl«

1289 3177 1374 3226 val
1412 3176 1611 3242 sognak
1650 3176 1940 3241 egyesiilni.

818 3349 1012 3413 lesus
1069 3350 1256 3412 1454.
1302 3368 1343 3410 a
1389 3349 1454 3411 di
1512 3332 1610 3412 10'
1637 3350 1719 3412 de
1769 3349 2032 3412 Otobre.

709 3474 1037 3555 Magnifici
1107 3482 1173 3537 et
1239 3476 1484 3555 potenti
1558 3475 1820 3556 signori.
1896 3474 2147 3536 Messer
2213 3475 2276 3537 lo
2348 3481 2593 3536 rectore
2671 3478 2747 3534 m:

496 3582 763 3663 Ragusa
816 3601 965 3644 cum
1013 3585 1077 3647 10
1125 3601 1252 3645 suo
1319 3580 1632 3663 consiglio
1699 3583 2161 3646 zentilhomeni
2228 3588 2291 3643 et
2355 3582 2747 3644 mercadanti

496 3690 936 3753 humelmente
1000 3709 1075 3753 se
1139 3690 1627 3754 racomandano
1688 3692 1815 3752 alla
1876 3696 2100 3753 vostra
2164 3688 2463 3770 signoria.
2531 3689 2747 3750 Nom]-

496 3815 687 3860 camo
734 3799 860 3859 alla
904 3804 1130 3861 vostra
1176 3798 1461 3879 signoria
1507 3800 1589 3862 de
1637 3804 1809 3862 certe
1856 3815 2030 3861 nove
2073 3798 2178 3877 gle
2227 3797 2417 3875 quale
2468 3796 2747 3858 navemn

494 3905 743 3968 havute
788 3924 904 3987 per
947 3908 1012 3968 la
1058 3907 1165 3969 via
1212 3907 1293 3969 de
1343 3906 1703 3971 Smedrevo
1752 3924 1905 3969 eum
1944 3906 1983 3967 il
2022 3910 2453 3986 governatore
2499 3904 2751 3966 Janrcmm
2791 3962 2899 3990 w
2959 3950 2991 3990 :⁴

499 4012 701 4094 pass'o
769 4014 811 4075 il
873 4014 1179 4077 Danubio
1248 4032 1401 4076 cum
1466 4032 1635 4094 gran,
1694 4015 1883 4095 copia
1929 4014 2010 4076 de
2058 4018 2251 4092 gente
2297 4030 2340 4072 a
2384 4012 2448 4073 di
2496 4011 2599 4073 29.
2647 4014 2747 4070 [ll-l

495 4128 787 4200 passam,
856 4122 913 4183 el
960 4122 1152 4201 quale
1222 4121 1399 4185 ando
1464 4122 1589 4183 alla
1634 4119 1740 4183 via
1806 4121 1888 4183 de
1946 4120 2231 4182 Rudisca
2277 4136 2313 4180 e
2361 4118 2442 4180 de
2488 4119 2528 4180 li
2577 4122 2747 4178 ambs

495 4229 617 4289 alla
663 4229 773 4291 via
818 4230 900 4292 de
947 4228 1178 4291 Xabaz
1226 4229 1537 4291 andando
1575 4247 1616 4290 a
1649 4229 1915 4291 cerchar
1959 4246 2001 4289 a
2036 4235 2230 4308 posta
2262 4226 2435 4288 facta
2472 4224 2747 4306 bataglm

497 4354 650 4399 cum
716 4331 757 4399 li
823 4337 1057 4414 turchi,
1107 4338 1164 4399 el
1220 4339 1413 4416 quale
1488 4335 1663 4398 ando
1733 4342 1916 4399 tanto
1982 4336 2201 4398 oculto
2266 4334 2388 4396 ohe
2452 4333 2561 4412 glo
2627 4354 2751 4394 Sta-‚2

495 4461 694 4523 paese
743 4461 878 4508 non
926 4463 1087 4525 sape
1136 4445 1306 4507 dove
1357 4444 1480 4523 egli
1519 4445 1753 4506 voleva
1801 4444 2064 4521 andare,
2107 4448 2383 4522 excepto
2431 4441 2488 4501 el
2537 4440 2755 4520 signer

494 4550 755 4631 dispoto
838 4552 959 4613 che
1039 4553 1146 4632 glo
1229 4569 1496 4631 sapeva.
1573 4550 1657 4612 Et
1728 4551 2013 4613 essendo
2090 4551 2400 4629 alquanto
2485 4549 2751 4610 lontano

2851 2093 2951 2133 l454

2771 2149 3031 2213 ffizsspff'ff

2859 3322 2955 3362 :454

2819 3398 2911 3434 ulzt.
2943 3382 3028 3434 ltin*

2859 3886 2867 3914 3
2891 3878 2955 3918 ³514
