<?xml version="1.0" encoding="UTF-8"?>
<!DOCTYPE html PUBLIC "-//W3C//DTD XHTML 1.0 Transitional//EN"
    "http://www.w3.org/TR/xhtml1/DTD/xhtml1-transitional.dtd">
<html xmlns="http://www.w3.org/1999/xhtml" xml:lang="en" lang="en">
 <head>
  <title>
</title>
<meta http-equiv="Content-Type" content="text/html;charset=utf-8" />
  <meta name='ocr-system' content='tesseract 3.04.00' />
  <meta name='ocr-capabilities' content='ocr_page ocr_carea ocr_par ocr_line ocrx_word'/>
</head>
<body>
  <div class='ocr_page' id='page_1' title='image "./codexdiplomatic00horvgoog/codexdiplomatic00horvgoog_0207.png"; bbox 0 0 3475 5200; ppageno 0'>
   <div class='ocr_carea' id='block_1_1' title="bbox 1427 397 1778 449">
    <p class='ocr_par' dir='ltr' id='par_1_1' title="bbox 1427 397 1778 449">
     <span class='ocr_line' id='line_1_1' title="bbox 1427 397 1778 449; baseline -0.003 -15"><span class='ocrx_word' id='word_1_1' title='bbox 1427 397 1778 449; x_wconf 77' lang='lat'>-75-</span> 
     </span>
    </p>
   </div>
   <div class='ocr_carea' id='block_1_2' title="bbox 477 615 2733 4674">
    <p class='ocr_par' dir='ltr' id='par_1_2' title="bbox 477 615 2733 4674">
     <span class='ocr_line' id='line_1_2' title="bbox 477 615 2725 695; baseline 0 -15"><span class='ocrx_word' id='word_1_2' title='bbox 477 618 691 695; x_wconf 78' lang='lat' dir='ltr'>mitaS,</span> <span class='ocrx_word' id='word_1_3' title='bbox 759 617 925 680; x_wconf 89' lang='lat' dir='ltr'>sicut</span> <span class='ocrx_word' id='word_1_4' title='bbox 989 616 1397 679; x_wconf 88' lang='lat' dir='ltr'>inferioribus</span> <span class='ocrx_word' id='word_1_5' title='bbox 1463 616 1898 695; x_wconf 83' lang='lat' dir='ltr'>potestatibus</span> <span class='ocrx_word' id='word_1_6' title='bbox 1962 615 2157 677; x_wconf 81' lang='lat' dir='ltr'>officii</span> <span class='ocrx_word' id='word_1_7' title='bbox 2216 623 2278 677; x_wconf 91' lang='lat' dir='ltr'>et</span> <span class='ocrx_word' id='word_1_8' title='bbox 2325 616 2725 680; x_wconf 83' lang='lat' dir='ltr'>auctoritatis</span> 
     </span>
     <span class='ocr_line' id='line_1_3' title="bbox 477 723 2729 806; baseline 0 -19"><span class='ocrx_word' id='word_1_9' title='bbox 477 726 754 788; x_wconf 87' lang='lat' dir='ltr'>elatione</span> <span class='ocrx_word' id='word_1_10' title='bbox 801 726 1134 806; x_wconf 86' lang='lat' dir='ltr'>prefertur.</span> <span class='ocrx_word' id='word_1_11' title='bbox 1170 732 1240 786; x_wconf 92' lang='lat' dir='ltr'>ut</span> <span class='ocrx_word' id='word_1_12' title='bbox 1268 724 1660 786; x_wconf 90' lang='lat' dir='ltr'>commissos</span> <span class='ocrx_word' id='word_1_13' title='bbox 1706 723 1825 785; x_wconf 88' lang='lat' dir='ltr'>sibi</span> <span class='ocrx_word' id='word_1_14' title='bbox 1874 723 2098 786; x_wconf 85' lang='lat' dir='ltr'>fideles</span> <span class='ocrx_word' id='word_1_15' title='bbox 2145 732 2365 803; x_wconf 89' lang='lat' dir='ltr'>optate</span> <span class='ocrx_word' id='word_1_16' title='bbox 2408 726 2729 803; x_wconf 85' lang='lat' dir='ltr'>gubernet</span> 
     </span>
     <span class='ocr_line' id='line_1_4' title="bbox 479 831 2728 913; baseline 0.001 -20"><span class='ocrx_word' id='word_1_17' title='bbox 479 833 943 896; x_wconf 86' lang='lat' dir='ltr'>consolationis</span> <span class='ocrx_word' id='word_1_18' title='bbox 1010 831 1312 913; x_wconf 91' lang='lat' dir='ltr'>presidio,</span> <span class='ocrx_word' id='word_1_19' title='bbox 1362 834 1539 910; x_wconf 90' lang='lat' dir='ltr'>quod</span> <span class='ocrx_word' id='word_1_20' title='bbox 1585 833 1864 894; x_wconf 85' lang='lat' dir='ltr'>thronus</span> <span class='ocrx_word' id='word_1_21' title='bbox 1910 831 2128 909; x_wconf 86' lang='lat' dir='ltr'>regius</span> <span class='ocrx_word' id='word_1_22' title='bbox 2172 839 2354 894; x_wconf 90' lang='lat' dir='ltr'>tanto</span> <span class='ocrx_word' id='word_1_23' title='bbox 2418 831 2728 896; x_wconf 88' lang='lat' dir='ltr'>solidetur</span> 
     </span>
     <span class='ocr_line' id='line_1_5' title="bbox 480 937 2726 1020; baseline 0 -17"><span class='ocrx_word' id='word_1_24' title='bbox 480 937 710 1004; x_wconf 87' lang='lat' dir='ltr'>fortius</span> <span class='ocrx_word' id='word_1_25' title='bbox 755 949 820 1003; x_wconf 90' lang='lat' dir='ltr'>et</span> <span class='ocrx_word' id='word_1_26' title='bbox 864 940 1141 1003; x_wconf 87' lang='lat' dir='ltr'>uberiori</span> <span class='ocrx_word' id='word_1_27' title='bbox 1189 940 1611 1020; x_wconf 86' lang='lat' dir='ltr'>prosperitate</span> <span class='ocrx_word' id='word_1_28' title='bbox 1657 938 1972 1018; x_wconf 85' lang='lat' dir='ltr'>proficiat,</span> <span class='ocrx_word' id='word_1_29' title='bbox 2021 948 2266 1017; x_wconf 88' lang='lat' dir='ltr'>quanto</span> <span class='ocrx_word' id='word_1_30' title='bbox 2299 939 2726 1004; x_wconf 86' lang='lat' dir='ltr'>indeficientis</span> 
     </span>
     <span class='ocr_line' id='line_1_6' title="bbox 482 1046 2725 1126; baseline 0 -16"><span class='ocrx_word' id='word_1_31' title='bbox 482 1066 603 1111; x_wconf 89' lang='lat' dir='ltr'>sue</span> <span class='ocrx_word' id='word_1_32' title='bbox 650 1047 901 1110; x_wconf 88' lang='lat' dir='ltr'>virtutis</span> <span class='ocrx_word' id='word_1_33' title='bbox 947 1049 1214 1111; x_wconf 91' lang='lat' dir='ltr'>donatio</span> <span class='ocrx_word' id='word_1_34' title='bbox 1261 1047 1513 1126; x_wconf 87' lang='lat' dir='ltr'>largiori</span> <span class='ocrx_word' id='word_1_35' title='bbox 1561 1047 1972 1126; x_wconf 87' lang='lat' dir='ltr'>benignitatis</span> <span class='ocrx_word' id='word_1_36' title='bbox 2021 1064 2288 1109; x_wconf 90' lang='lat' dir='ltr'>munere</span> <span class='ocrx_word' id='word_1_37' title='bbox 2359 1046 2594 1111; x_wconf 86' lang='lat' dir='ltr'>fuderit</span> <span class='ocrx_word' id='word_1_38' title='bbox 2660 1049 2725 1111; x_wconf 90' lang='lat' dir='ltr'>in</span> 
     </span>
     <span class='ocr_line' id='line_1_7' title="bbox 482 1152 2721 1233; baseline 0 -15"><span class='ocrx_word' id='word_1_39' title='bbox 482 1155 830 1219; x_wconf 88' lang='lat' dir='ltr'>subiectos.</span> <span class='ocrx_word' id='word_1_40' title='bbox 885 1152 992 1217; x_wconf 88' lang='lat' dir='ltr'>Sic</span> <span class='ocrx_word' id='word_1_41' title='bbox 1040 1173 1082 1215; x_wconf 91' lang='lat' dir='ltr'>a</span> <span class='ocrx_word' id='word_1_42' title='bbox 1129 1155 1564 1217; x_wconf 86' lang='lat' dir='ltr'>choruscante</span> <span class='ocrx_word' id='word_1_43' title='bbox 1611 1155 1956 1233; x_wconf 89' lang='lat' dir='ltr'>splendore</span> <span class='ocrx_word' id='word_1_44' title='bbox 2004 1155 2236 1233; x_wconf 88' lang='lat' dir='ltr'>regalis</span> <span class='ocrx_word' id='word_1_45' title='bbox 2293 1156 2431 1217; x_wconf 91' lang='lat' dir='ltr'>solii</span> <span class='ocrx_word' id='word_1_46' title='bbox 2500 1155 2721 1219; x_wconf 89' lang='lat' dir='ltr'>nobili-</span> 
     </span>
     <span class='ocr_line' id='line_1_8' title="bbox 483 1261 2727 1341; baseline 0.001 -17"><span class='ocrx_word' id='word_1_47' title='bbox 483 1270 650 1325; x_wconf 88' lang='lat' dir='ltr'>tates</span> <span class='ocrx_word' id='word_1_48' title='bbox 696 1265 823 1325; x_wconf 87' lang='lat' dir='ltr'>alte</span> <span class='ocrx_word' id='word_1_49' title='bbox 869 1263 1062 1325; x_wconf 91' lang='lat' dir='ltr'>velud</span> <span class='ocrx_word' id='word_1_50' title='bbox 1112 1280 1147 1325; x_wconf 92' lang='lat' dir='ltr'>e</span> <span class='ocrx_word' id='word_1_51' title='bbox 1195 1264 1333 1324; x_wconf 90' lang='lat' dir='ltr'>sole</span> <span class='ocrx_word' id='word_1_52' title='bbox 1381 1261 1537 1323; x_wconf 89' lang='lat' dir='ltr'>radii</span> <span class='ocrx_word' id='word_1_53' title='bbox 1585 1263 1983 1341; x_wconf 88' lang='lat' dir='ltr'>prodeuntes</span> <span class='ocrx_word' id='word_1_54' title='bbox 2031 1262 2316 1324; x_wconf 87' lang='lat' dir='ltr'>fidelium</span> <span class='ocrx_word' id='word_1_55' title='bbox 2385 1269 2595 1325; x_wconf 88' lang='lat' dir='ltr'>status</span> <span class='ocrx_word' id='word_1_56' title='bbox 2662 1271 2727 1326; x_wconf 90' lang='lat' dir='ltr'>et</span> 
     </span>
     <span class='ocr_line' id='line_1_9' title="bbox 482 1369 2723 1449; baseline -0 -15"><span class='ocrx_word' id='word_1_57' title='bbox 482 1371 889 1434; x_wconf 89' lang='lat' dir='ltr'>conditiones</span> <span class='ocrx_word' id='word_1_58' title='bbox 937 1371 1270 1448; x_wconf 90' lang='lat' dir='ltr'>illustrant,</span> <span class='ocrx_word' id='word_1_59' title='bbox 1323 1370 1501 1448; x_wconf 90' lang='lat' dir='ltr'>quod</span> <span class='ocrx_word' id='word_1_60' title='bbox 1550 1369 1835 1449; x_wconf 90' lang='lat' dir='ltr'>primeve</span> <span class='ocrx_word' id='word_1_61' title='bbox 1881 1369 2044 1430; x_wconf 88' lang='lat' dir='ltr'>lucis</span> <span class='ocrx_word' id='word_1_62' title='bbox 2093 1369 2422 1448; x_wconf 85' lang='lat' dir='ltr'>integritas</span> <span class='ocrx_word' id='word_1_63' title='bbox 2479 1388 2723 1433; x_wconf 89' lang='lat' dir='ltr'>merno-</span> 
     </span>
     <span class='ocr_line' id='line_1_10' title="bbox 484 1476 2725 1556; baseline -0 -16"><span class='ocrx_word' id='word_1_64' title='bbox 484 1480 598 1541; x_wconf 86' lang='lat' dir='ltr'>rati</span> <span class='ocrx_word' id='word_1_65' title='bbox 644 1479 906 1541; x_wconf 88' lang='lat' dir='ltr'>luminis</span> <span class='ocrx_word' id='word_1_66' title='bbox 955 1479 1337 1541; x_wconf 89' lang='lat' dir='ltr'>detrimenta</span> <span class='ocrx_word' id='word_1_67' title='bbox 1384 1494 1515 1539; x_wconf 88' lang='lat' dir='ltr'>non</span> <span class='ocrx_word' id='word_1_68' title='bbox 1551 1477 1805 1554; x_wconf 86' lang='lat' dir='ltr'>sentiat,</span> <span class='ocrx_word' id='word_1_69' title='bbox 1837 1493 2064 1555; x_wconf 87' lang='lat' dir='ltr'>ymmo</span> <span class='ocrx_word' id='word_1_70' title='bbox 2111 1476 2439 1556; x_wconf 89' lang='lat' dir='ltr'>amplioris</span> <span class='ocrx_word' id='word_1_71' title='bbox 2469 1487 2531 1541; x_wconf 90' lang='lat' dir='ltr'>et</span> <span class='ocrx_word' id='word_1_72' title='bbox 2561 1479 2725 1540; x_wconf 90' lang='lat' dir='ltr'>scin-</span> 
     </span>
     <span class='ocr_line' id='line_1_11' title="bbox 483 1582 2727 1666; baseline 0 -18"><span class='ocrx_word' id='word_1_73' title='bbox 483 1587 656 1649; x_wconf 87' lang='lat' dir='ltr'>tillati</span> <span class='ocrx_word' id='word_1_74' title='bbox 703 1587 943 1649; x_wconf 87' lang='lat' dir='ltr'>iubaris</span> <span class='ocrx_word' id='word_1_75' title='bbox 990 1592 1334 1666; x_wconf 86' lang='lat' dir='ltr'>expectato</span> <span class='ocrx_word' id='word_1_76' title='bbox 1382 1584 1616 1647; x_wconf 87' lang='lat' dir='ltr'>decore</span> <span class='ocrx_word' id='word_1_77' title='bbox 1663 1582 2091 1662; x_wconf 87' lang='lat' dir='ltr'>profunditur,</span> <span class='ocrx_word' id='word_1_78' title='bbox 2140 1584 2298 1646; x_wconf 89' lang='lat' dir='ltr'>dum</span> <span class='ocrx_word' id='word_1_79' title='bbox 2346 1585 2408 1646; x_wconf 92' lang='lat' dir='ltr'>in</span> <span class='ocrx_word' id='word_1_80' title='bbox 2458 1584 2727 1648; x_wconf 90' lang='lat' dir='ltr'>circuitu</span> 
     </span>
     <span class='ocr_line' id='line_1_12' title="bbox 485 1692 2725 1774; baseline -0 -18"><span class='ocrx_word' id='word_1_81' title='bbox 485 1695 659 1757; x_wconf 89' lang='lat' dir='ltr'>sedis</span> <span class='ocrx_word' id='word_1_82' title='bbox 711 1695 943 1774; x_wconf 88' lang='lat' dir='ltr'>regalis</span> <span class='ocrx_word' id='word_1_83' title='bbox 1009 1694 1346 1756; x_wconf 87' lang='lat' dir='ltr'>illustrium</span> <span class='ocrx_word' id='word_1_84' title='bbox 1419 1693 1783 1773; x_wconf 88' lang='lat' dir='ltr'>principum</span> <span class='ocrx_word' id='word_1_85' title='bbox 1848 1708 2164 1754; x_wconf 86' lang='lat' dir='ltr'>numerus</span> <span class='ocrx_word' id='word_1_86' title='bbox 2209 1692 2293 1752; x_wconf 89' lang='lat' dir='ltr'>ad</span> <span class='ocrx_word' id='word_1_87' title='bbox 2341 1692 2725 1756; x_wconf 90' lang='lat' dir='ltr'>diadematis</span> 
     </span>
     <span class='ocr_line' id='line_1_13' title="bbox 483 1797 2726 1880; baseline -0.001 -16"><span class='ocrx_word' id='word_1_88' title='bbox 483 1803 645 1864; x_wconf 87' lang='lat' dir='ltr'>sacri</span> <span class='ocrx_word' id='word_1_89' title='bbox 694 1802 999 1865; x_wconf 90' lang='lat' dir='ltr'>decorem</span> <span class='ocrx_word' id='word_1_90' title='bbox 1046 1801 1309 1863; x_wconf 85' lang='lat' dir='ltr'>feliciter</span> <span class='ocrx_word' id='word_1_91' title='bbox 1353 1800 1732 1880; x_wconf 85' lang='lat' dir='ltr'>adaugetur.</span> <span class='ocrx_word' id='word_1_92' title='bbox 1782 1797 1958 1862; x_wconf 90' lang='lat' dir='ltr'>Sane</span> <span class='ocrx_word' id='word_1_93' title='bbox 1988 1799 2145 1861; x_wconf 90' lang='lat' dir='ltr'>dum</span> <span class='ocrx_word' id='word_1_94' title='bbox 2178 1799 2473 1861; x_wconf 88' lang='lat' dir='ltr'>levantes</span> <span class='ocrx_word' id='word_1_95' title='bbox 2505 1800 2726 1863; x_wconf 89' lang='lat' dir='ltr'>intelli·</span> 
     </span>
     <span class='ocr_line' id='line_1_14' title="bbox 479 1906 2727 1990; baseline -0.001 -18"><span class='ocrx_word' id='word_1_96' title='bbox 479 1910 694 1990; x_wconf 88' lang='lat' dir='ltr'>gentie</span> <span class='ocrx_word' id='word_1_97' title='bbox 743 1916 961 1972; x_wconf 90' lang='lat' dir='ltr'>nostre</span> <span class='ocrx_word' id='word_1_98' title='bbox 1010 1910 1221 1971; x_wconf 86' lang='lat' dir='ltr'>claros</span> <span class='ocrx_word' id='word_1_99' title='bbox 1267 1909 1497 1970; x_wconf 90' lang='lat' dir='ltr'>oculos</span> <span class='ocrx_word' id='word_1_100' title='bbox 1544 1907 1609 1968; x_wconf 90' lang='lat' dir='ltr'>in</span> <span class='ocrx_word' id='word_1_101' title='bbox 1656 1913 1876 1969; x_wconf 88' lang='lat' dir='ltr'>nostre</span> <span class='ocrx_word' id='word_1_102' title='bbox 1923 1906 2182 1969; x_wconf 90' lang='lat' dir='ltr'>ditionis</span> <span class='ocrx_word' id='word_1_103' title='bbox 2233 1907 2500 1970; x_wconf 89' lang='lat' dir='ltr'>circuitu</span> <span class='ocrx_word' id='word_1_104' title='bbox 2530 1910 2727 1988; x_wconf 92' lang='lat' dir='ltr'>longe</span> 
     </span>
     <span class='ocr_line' id='line_1_15' title="bbox 480 2015 2725 2097; baseline -0 -17"><span class='ocrx_word' id='word_1_105' title='bbox 480 2019 741 2097; x_wconf 89' lang='lat' dir='ltr'>lateque</span> <span class='ocrx_word' id='word_1_106' title='bbox 789 2016 1252 2096; x_wconf 80' lang='lat' dir='ltr'>conspicimuS,</span> <span class='ocrx_word' id='word_1_107' title='bbox 1303 2016 1465 2077; x_wconf 91' lang='lat' dir='ltr'>inter</span> <span class='ocrx_word' id='word_1_108' title='bbox 1512 2023 1725 2077; x_wconf 89' lang='lat' dir='ltr'>cetera</span> <span class='ocrx_word' id='word_1_109' title='bbox 1776 2015 2016 2094; x_wconf 83' lang='lat' dir='ltr'>quibus</span> <span class='ocrx_word' id='word_1_110' title='bbox 2065 2016 2325 2077; x_wconf 89' lang='lat' dir='ltr'>animus</span> <span class='ocrx_word' id='word_1_111' title='bbox 2374 2023 2596 2077; x_wconf 92' lang='lat' dir='ltr'>noster</span> <span class='ocrx_word' id='word_1_112' title='bbox 2641 2019 2725 2079; x_wconf 91' lang='lat' dir='ltr'>ad</span> 
     </span>
     <span class='ocr_line' id='line_1_16' title="bbox 485 2123 2726 2203; baseline -0.001 -16"><span class='ocrx_word' id='word_1_113' title='bbox 485 2125 892 2187; x_wconf 87' lang='lat' dir='ltr'>dilectionem</span> <span class='ocrx_word' id='word_1_114' title='bbox 939 2123 1090 2186; x_wconf 90' lang='lat' dir='ltr'>boni</span> <span class='ocrx_word' id='word_1_115' title='bbox 1142 2124 1513 2185; x_wconf 90' lang='lat' dir='ltr'>communis</span> <span class='ocrx_word' id='word_1_116' title='bbox 1561 2123 1886 2199; x_wconf 87' lang='lat' dir='ltr'>imbuitur,</span> <span class='ocrx_word' id='word_1_117' title='bbox 1935 2139 2218 2202; x_wconf 89' lang='lat' dir='ltr'>persona</span> <span class='ocrx_word' id='word_1_118' title='bbox 2263 2129 2378 2184; x_wconf 87' lang='lat' dir='ltr'>tua</span> <span class='ocrx_word' id='word_1_119' title='bbox 2426 2123 2726 2203; x_wconf 90' lang='lat' dir='ltr'>princeps</span> 
     </span>
     <span class='ocr_line' id='line_1_17' title="bbox 484 2224 2727 2311; baseline -0 -18"><span class='ocrx_word' id='word_1_120' title='bbox 484 2231 835 2310; x_wconf 86' lang='lat' dir='ltr'>carissime,</span> <span class='ocrx_word' id='word_1_121' title='bbox 883 2230 1264 2311; x_wconf 88' lang='lat' dir='ltr'>gratissimis</span> <span class='ocrx_word' id='word_1_122' title='bbox 1312 2230 1545 2293; x_wconf 89' lang='lat' dir='ltr'>inditiis</span> <span class='ocrx_word' id='word_1_123' title='bbox 1593 2248 1666 2292; x_wconf 91' lang='lat' dir='ltr'>se</span> <span class='ocrx_word' id='word_1_124' title='bbox 1715 2230 1953 2292; x_wconf 89' lang='lat' dir='ltr'>nostris</span> <span class='ocrx_word' id='word_1_125' title='bbox 2000 2229 2191 2292; x_wconf 84' lang='lat' dir='ltr'>offert</span> <span class='ocrx_word' id='word_1_126' title='bbox 2236 2224 2604 2307; x_wconf 78' lang='lat' dir='ltr'>obtutibus,</span> <span class='ocrx_word' id='word_1_127' title='bbox 2654 2238 2727 2292; x_wconf 90' lang='lat' dir='ltr'>ut</span> 
     </span>
     <span class='ocr_line' id='line_1_18' title="bbox 483 2336 2726 2415; baseline -0 -14"><span class='ocrx_word' id='word_1_128' title='bbox 483 2340 894 2404; x_wconf 85' lang='lat' dir='ltr'>considerata</span> <span class='ocrx_word' id='word_1_129' title='bbox 943 2339 1226 2400; x_wconf 85' lang='lat' dir='ltr'>claritate</span> <span class='ocrx_word' id='word_1_130' title='bbox 1273 2339 1583 2400; x_wconf 89' lang='lat' dir='ltr'>virtutum</span> <span class='ocrx_word' id='word_1_131' title='bbox 1632 2345 1695 2399; x_wconf 92' lang='lat' dir='ltr'>et</span> <span class='ocrx_word' id='word_1_132' title='bbox 1754 2337 2116 2399; x_wconf 86' lang='lat' dir='ltr'>constantie</span> <span class='ocrx_word' id='word_1_133' title='bbox 2183 2336 2421 2399; x_wconf 90' lang='lat' dir='ltr'>meritis</span> <span class='ocrx_word' id='word_1_134' title='bbox 2486 2338 2726 2415; x_wconf 88' lang='lat' dir='ltr'>quibus</span> 
     </span>
     <span class='ocr_line' id='line_1_19' title="bbox 480 2443 2728 2530; baseline -0.001 -21"><span class='ocrx_word' id='word_1_135' title='bbox 480 2448 978 2530; x_wconf 86' lang='lat' dir='ltr'>predecessores</span> <span class='ocrx_word' id='word_1_136' title='bbox 1025 2446 1116 2509; x_wconf 88' lang='lat' dir='ltr'>tui</span> <span class='ocrx_word' id='word_1_137' title='bbox 1164 2447 1380 2509; x_wconf 90' lang='lat' dir='ltr'>multis</span> <span class='ocrx_word' id='word_1_138' title='bbox 1411 2446 1741 2508; x_wconf 89' lang='lat' dir='ltr'>laboribus</span> <span class='ocrx_word' id='word_1_139' title='bbox 1772 2453 1835 2506; x_wconf 93' lang='lat' dir='ltr'>et</span> <span class='ocrx_word' id='word_1_140' title='bbox 1883 2444 2113 2506; x_wconf 91' lang='lat' dir='ltr'>studiis</span> <span class='ocrx_word' id='word_1_141' title='bbox 2153 2443 2485 2523; x_wconf 84' lang='lat' dir='ltr'>exquisitis</span> <span class='ocrx_word' id='word_1_142' title='bbox 2535 2445 2728 2507; x_wconf 90' lang='lat' dir='ltr'>nobis</span> 
     </span>
     <span class='ocr_line' id='line_1_20' title="bbox 483 2551 2726 2636; baseline -0.002 -16"><span class='ocrx_word' id='word_1_143' title='bbox 483 2563 548 2620; x_wconf 89' lang='lat' dir='ltr'>et</span> <span class='ocrx_word' id='word_1_144' title='bbox 593 2572 795 2636; x_wconf 88' lang='lat' dir='ltr'>regno</span> <span class='ocrx_word' id='word_1_145' title='bbox 843 2560 905 2617; x_wconf 93' lang='lat' dir='ltr'>et</span> <span class='ocrx_word' id='word_1_146' title='bbox 953 2570 1193 2617; x_wconf 90' lang='lat' dir='ltr'>corone</span> <span class='ocrx_word' id='word_1_147' title='bbox 1243 2553 1574 2633; x_wconf 89' lang='lat' dir='ltr'>Hungarie</span> <span class='ocrx_word' id='word_1_148' title='bbox 1621 2554 2026 2633; x_wconf 89' lang='lat' dir='ltr'>placuerunt,</span> <span class='ocrx_word' id='word_1_149' title='bbox 2074 2559 2146 2613; x_wconf 91' lang='lat' dir='ltr'>tu</span> <span class='ocrx_word' id='word_1_150' title='bbox 2195 2551 2453 2614; x_wconf 91' lang='lat' dir='ltr'>cottidie</span> <span class='ocrx_word' id='word_1_151' title='bbox 2502 2555 2726 2632; x_wconf 89' lang='lat' dir='ltr'>places</span> 
     </span>
     <span class='ocr_line' id='line_1_21' title="bbox 483 2659 2723 2741; baseline -0.002 -15"><span class='ocrx_word' id='word_1_152' title='bbox 483 2671 547 2726; x_wconf 91' lang='lat' dir='ltr'>et</span> <span class='ocrx_word' id='word_1_153' title='bbox 595 2664 656 2726; x_wconf 92' lang='lat' dir='ltr'>in</span> <span class='ocrx_word' id='word_1_154' title='bbox 714 2670 910 2725; x_wconf 88' lang='lat' dir='ltr'>antea</span> <span class='ocrx_word' id='word_1_155' title='bbox 956 2662 1217 2741; x_wconf 90' lang='lat' dir='ltr'>quidem</span> <span class='ocrx_word' id='word_1_156' title='bbox 1265 2661 1618 2723; x_wconf 88' lang='lat' dir='ltr'>ferventius</span> <span class='ocrx_word' id='word_1_157' title='bbox 1683 2661 1937 2740; x_wconf 88' lang='lat' dir='ltr'>placere</span> <span class='ocrx_word' id='word_1_158' title='bbox 2001 2660 2242 2739; x_wconf 90' lang='lat' dir='ltr'>poteris</span> <span class='ocrx_word' id='word_1_159' title='bbox 2308 2667 2370 2721; x_wconf 92' lang='lat' dir='ltr'>et</span> <span class='ocrx_word' id='word_1_160' title='bbox 2436 2659 2723 2738; x_wconf 80' lang='lat' dir='ltr'>debebiS‚</span> 
     </span>
     <span class='ocr_line' id='line_1_22' title="bbox 484 2747 2722 2850; baseline -0.002 -17"><span class='ocrx_word' id='word_1_161' title='bbox 484 2779 731 2850; x_wconf 88' lang='lat' dir='ltr'>quanto</span> <span class='ocrx_word' id='word_1_162' title='bbox 796 2777 857 2832; x_wconf 93' lang='lat' dir='ltr'>te</span> <span class='ocrx_word' id='word_1_163' title='bbox 924 2788 965 2831; x_wconf 91' lang='lat' dir='ltr'>a</span> <span class='ocrx_word' id='word_1_164' title='bbox 1031 2768 1204 2849; x_wconf 88' lang='lat' dir='ltr'>regia</span> <span class='ocrx_word' id='word_1_165' title='bbox 1253 2767 1631 2830; x_wconf 89' lang='lat' dir='ltr'>celsitudine</span> <span class='ocrx_word' id='word_1_166' title='bbox 1680 2747 1965 2829; x_wconf 81' lang='lat' dir='ltr'>senseris</span> <span class='ocrx_word' id='word_1_167' title='bbox 2012 2766 2277 2828; x_wconf 92' lang='lat' dir='ltr'>uberius</span> <span class='ocrx_word' id='word_1_168' title='bbox 2327 2767 2722 2831; x_wconf 85' lang='lat' dir='ltr'>honoratum</span> 
     </span>
     <span class='ocr_line' id='line_1_23' title="bbox 484 2874 2723 2940; baseline -0.001 -1"><span class='ocrx_word' id='word_1_169' title='bbox 484 2878 568 2939; x_wconf 91' lang='lat' dir='ltr'>ad</span> <span class='ocrx_word' id='word_1_170' title='bbox 615 2877 914 2940; x_wconf 91' lang='lat' dir='ltr'>sublimia</span> <span class='ocrx_word' id='word_1_171' title='bbox 978 2878 1331 2938; x_wconf 75' lang='lat' dir='ltr'>elevemus,</span> <span class='ocrx_word' id='word_1_172' title='bbox 1408 2874 1915 2937; x_wconf 85' lang='lat' dir='ltr'>Considerantes</span> <span class='ocrx_word' id='word_1_173' title='bbox 1981 2874 2174 2936; x_wconf 89' lang='lat' dir='ltr'>etiam</span> <span class='ocrx_word' id='word_1_174' title='bbox 2222 2874 2545 2936; x_wconf 83' lang='lat' dir='ltr'>fervidum</span> <span class='ocrx_word' id='word_1_175' title='bbox 2614 2881 2723 2937; x_wconf 89' lang='lat' dir='ltr'>tue</span> 
     </span>
     <span class='ocr_line' id='line_1_24' title="bbox 483 2981 2725 3062; baseline -0.002 -15"><span class='ocrx_word' id='word_1_176' title='bbox 483 2986 718 3047; x_wconf 89' lang='lat' dir='ltr'>mentis</span> <span class='ocrx_word' id='word_1_177' title='bbox 783 3001 1033 3046; x_wconf 90' lang='lat' dir='ltr'>morem</span> <span class='ocrx_word' id='word_1_178' title='bbox 1098 3001 1231 3062; x_wconf 89' lang='lat' dir='ltr'>quo</span> <span class='ocrx_word' id='word_1_179' title='bbox 1294 2983 1380 3043; x_wconf 90' lang='lat' dir='ltr'>ad</span> <span class='ocrx_word' id='word_1_180' title='bbox 1447 2989 1744 3044; x_wconf 90' lang='lat' dir='ltr'>nostrum</span> <span class='ocrx_word' id='word_1_181' title='bbox 1794 2990 1857 3044; x_wconf 93' lang='lat' dir='ltr'>et</span> <span class='ocrx_word' id='word_1_182' title='bbox 1902 2981 2080 3060; x_wconf 90' lang='lat' dir='ltr'>regni</span> <span class='ocrx_word' id='word_1_183' title='bbox 2130 2981 2356 3060; x_wconf 85' lang='lat' dir='ltr'>prefati</span> <span class='ocrx_word' id='word_1_184' title='bbox 2406 2981 2725 3044; x_wconf 88' lang='lat' dir='ltr'>honorem</span> 
     </span>
     <span class='ocr_line' id='line_1_25' title="bbox 484 3088 2721 3170; baseline -0.002 -16"><span class='ocrx_word' id='word_1_185' title='bbox 484 3092 782 3168; x_wconf 79' lang='lat' dir='ltr'>afficeriS,</span> <span class='ocrx_word' id='word_1_186' title='bbox 830 3091 1049 3154; x_wconf 88' lang='lat' dir='ltr'>animo</span> <span class='ocrx_word' id='word_1_187' title='bbox 1097 3091 1448 3153; x_wconf 89' lang='lat' dir='ltr'>deliberato</span> <span class='ocrx_word' id='word_1_188' title='bbox 1496 3107 1662 3152; x_wconf 86' lang='lat' dir='ltr'>sano</span> <span class='ocrx_word' id='word_1_189' title='bbox 1728 3090 1924 3151; x_wconf 89' lang='lat' dir='ltr'>etiam</span> <span class='ocrx_word' id='word_1_190' title='bbox 1990 3088 2349 3170; x_wconf 87' lang='lat' dir='ltr'>principum</span> <span class='ocrx_word' id='word_1_191' title='bbox 2418 3088 2721 3150; x_wconf 91' lang='lat' dir='ltr'>ecclesia-</span> 
     </span>
     <span class='ocr_line' id='line_1_26' title="bbox 486 3196 2726 3273; baseline -0.003 -11"><span class='ocrx_word' id='word_1_192' title='bbox 486 3201 793 3262; x_wconf 88' lang='lat' dir='ltr'>sticorum</span> <span class='ocrx_word' id='word_1_193' title='bbox 840 3206 903 3261; x_wconf 90' lang='lat' dir='ltr'>et</span> <span class='ocrx_word' id='word_1_194' title='bbox 951 3198 1363 3273; x_wconf 88' lang='lat' dir='ltr'>secularium,</span> <span class='ocrx_word' id='word_1_195' title='bbox 1431 3197 1745 3259; x_wconf 85' lang='lat' dir='ltr'>comitum</span> <span class='ocrx_word' id='word_1_196' title='bbox 1812 3203 1875 3258; x_wconf 92' lang='lat' dir='ltr'>et</span> <span class='ocrx_word' id='word_1_197' title='bbox 1940 3197 2262 3258; x_wconf 88' lang='lat' dir='ltr'>baronum</span> <span class='ocrx_word' id='word_1_198' title='bbox 2320 3203 2384 3256; x_wconf 92' lang='lat' dir='ltr'>et</span> <span class='ocrx_word' id='word_1_199' title='bbox 2427 3196 2726 3257; x_wconf 77' lang='lat' dir='ltr'>fidelium</span> 
     </span>
     <span class='ocr_line' id='line_1_27' title="bbox 487 3304 2726 3381; baseline -0.001 -14"><span class='ocrx_word' id='word_1_200' title='bbox 487 3313 856 3369; x_wconf 88' lang='lat' dir='ltr'>nostrorum</span> <span class='ocrx_word' id='word_1_201' title='bbox 922 3306 1276 3369; x_wconf 88' lang='lat' dir='ltr'>accedente</span> <span class='ocrx_word' id='word_1_202' title='bbox 1341 3306 1612 3368; x_wconf 92' lang='lat' dir='ltr'>consilio</span> <span class='ocrx_word' id='word_1_203' title='bbox 1678 3310 1743 3366; x_wconf 92' lang='lat' dir='ltr'>et</span> <span class='ocrx_word' id='word_1_204' title='bbox 1808 3306 1889 3366; x_wconf 92' lang='lat' dir='ltr'>de</span> <span class='ocrx_word' id='word_1_205' title='bbox 1937 3311 2111 3366; x_wconf 89' lang='lat' dir='ltr'>certa</span> <span class='ocrx_word' id='word_1_206' title='bbox 2169 3310 2391 3365; x_wconf 89' lang='lat' dir='ltr'>nostra</span> <span class='ocrx_word' id='word_1_207' title='bbox 2439 3304 2726 3381; x_wconf 86' lang='lat' dir='ltr'>scientia,</span> 
     </span>
     <span class='ocr_line' id='line_1_28' title="bbox 489 3411 2727 3492; baseline 0 -19"><span class='ocrx_word' id='word_1_208' title='bbox 489 3414 818 3492; x_wconf 87' lang='lat' dir='ltr'>presertim</span> <span class='ocrx_word' id='word_1_209' title='bbox 866 3432 1018 3475; x_wconf 88' lang='lat' dir='ltr'>cum</span> <span class='ocrx_word' id='word_1_210' title='bbox 1067 3414 1194 3475; x_wconf 92' lang='lat' dir='ltr'>hoc</span> <span class='ocrx_word' id='word_1_211' title='bbox 1242 3413 1513 3474; x_wconf 87' lang='lat' dir='ltr'>latitudo</span> <span class='ocrx_word' id='word_1_212' title='bbox 1561 3412 1650 3473; x_wconf 89' lang='lat' dir='ltr'>tui</span> <span class='ocrx_word' id='word_1_213' title='bbox 1699 3411 1963 3474; x_wconf 90' lang='lat' dir='ltr'>dominii</span> <span class='ocrx_word' id='word_1_214' title='bbox 2012 3411 2095 3471; x_wconf 85' lang='lat' dir='ltr'>ad</span> <span class='ocrx_word' id='word_1_215' title='bbox 2153 3411 2368 3489; x_wconf 82' lang='lat' dir='ltr'>ampla</span> <span class='ocrx_word' id='word_1_216' title='bbox 2435 3412 2727 3474; x_wconf 91' lang='lat' dir='ltr'>subiecte</span> 
     </span>
     <span class='ocr_line' id='line_1_29' title="bbox 490 3518 2728 3601; baseline 0 -20"><span class='ocrx_word' id='word_1_217' title='bbox 490 3521 593 3583; x_wconf 90' lang='lat' dir='ltr'>tibi</span> <span class='ocrx_word' id='word_1_218' title='bbox 642 3520 902 3585; x_wconf 90' lang='lat' dir='ltr'>ditionis</span> <span class='ocrx_word' id='word_1_219' title='bbox 949 3522 1160 3601; x_wconf 89' lang='lat' dir='ltr'>spatia</span> <span class='ocrx_word' id='word_1_220' title='bbox 1208 3529 1271 3583; x_wconf 91' lang='lat' dir='ltr'>et</span> <span class='ocrx_word' id='word_1_221' title='bbox 1317 3522 1695 3582; x_wconf 87' lang='lat' dir='ltr'>intemerata</span> <span class='ocrx_word' id='word_1_222' title='bbox 1745 3520 1909 3581; x_wconf 86' lang='lat' dir='ltr'>fides</span> <span class='ocrx_word' id='word_1_223' title='bbox 1956 3527 2071 3580; x_wconf 89' lang='lat' dir='ltr'>tua</span> <span class='ocrx_word' id='word_1_224' title='bbox 2118 3535 2249 3580; x_wconf 90' lang='lat' dir='ltr'>non</span> <span class='ocrx_word' id='word_1_225' title='bbox 2308 3518 2568 3598; x_wconf 90' lang='lat' dir='ltr'>indigne</span> <span class='ocrx_word' id='word_1_226' title='bbox 2634 3536 2728 3581; x_wconf 94' lang='lat' dir='ltr'>re-</span> 
     </span>
     <span class='ocr_line' id='line_1_30' title="bbox 489 3624 2730 3708; baseline -0 -20"><span class='ocrx_word' id='word_1_227' title='bbox 489 3627 759 3705; x_wconf 90' lang='lat' dir='ltr'>quirant,</span> <span class='ocrx_word' id='word_1_228' title='bbox 809 3636 870 3689; x_wconf 89' lang='lat' dir='ltr'>te</span> <span class='ocrx_word' id='word_1_229' title='bbox 924 3624 1293 3707; x_wconf 79' lang='lat' dir='ltr'>Georgium</span> <span class='ocrx_word' id='word_1_230' title='bbox 1334 3626 1686 3708; x_wconf 84' lang='lat' dir='ltr'>prefatum</span> <span class='ocrx_word' id='word_1_231' title='bbox 1734 3626 1930 3687; x_wconf 85' lang='lat' dir='ltr'>hodie</span> <span class='ocrx_word' id='word_1_232' title='bbox 1973 3624 2262 3687; x_wconf 78' lang='lat' dir='ltr'>sedentes</span> <span class='ocrx_word' id='word_1_233' title='bbox 2296 3626 2365 3685; x_wconf 89' lang='lat' dir='ltr'>in</span> <span class='ocrx_word' id='word_1_234' title='bbox 2410 3624 2730 3687; x_wconf 75' lang='lat' dir='ltr'>kathedra</span> 
     </span>
     <span class='ocr_line' id='line_1_31' title="bbox 486 3732 2729 3815; baseline -0 -21"><span class='ocrx_word' id='word_1_235' title='bbox 486 3737 542 3794; x_wconf 90' lang='lat' dir='ltr'>et</span> <span class='ocrx_word' id='word_1_236' title='bbox 586 3734 782 3812; x_wconf 87' lang='lat' dir='ltr'>sole0‚</span> <span class='ocrx_word' id='word_1_237' title='bbox 807 3752 1059 3797; x_wconf 87' lang='lat' dir='ltr'>corona</span> <span class='ocrx_word' id='word_1_238' title='bbox 1103 3739 1163 3795; x_wconf 88' lang='lat' dir='ltr'>et</span> <span class='ocrx_word' id='word_1_239' title='bbox 1207 3734 1368 3796; x_wconf 85' lang='lat' dir='ltr'>aliis</span> <span class='ocrx_word' id='word_1_240' title='bbox 1416 3734 1755 3815; x_wconf 82' lang='lat' dir='ltr'>regalibus</span> <span class='ocrx_word' id='word_1_241' title='bbox 1800 3733 2198 3794; x_wconf 79' lang='lat' dir='ltr'>ceremoniis</span> <span class='ocrx_word' id='word_1_242' title='bbox 2244 3732 2556 3813; x_wconf 76' lang='lat' dir='ltr'>insigniti</span> <span class='ocrx_word' id='word_1_243' title='bbox 2600 3735 2729 3794; x_wconf 86' lang='lat' dir='ltr'>cir-</span> 
     </span>
     <span class='ocr_line' id='line_1_32' title="bbox 489 3840 2730 3922; baseline 0 -21"><span class='ocrx_word' id='word_1_244' title='bbox 489 3842 933 3921; x_wconf 83' lang='lat' dir='ltr'>cumseptique</span> <span class='ocrx_word' id='word_1_245' title='bbox 1002 3859 1224 3922; x_wconf 76' lang='lat' dir='ltr'>poma,</span> <span class='ocrx_word' id='word_1_246' title='bbox 1283 3846 1538 3922; x_wconf 83' lang='lat' dir='ltr'>sceptro</span> <span class='ocrx_word' id='word_1_247' title='bbox 1611 3844 1671 3901; x_wconf 88' lang='lat' dir='ltr'>et</span> <span class='ocrx_word' id='word_1_248' title='bbox 1728 3840 1962 3921; x_wconf 77' lang='lat' dir='ltr'>gladio</span> <span class='ocrx_word' id='word_1_249' title='bbox 2020 3843 2225 3919; x_wconf 83' lang='lat' dir='ltr'>prout</span> <span class='ocrx_word' id='word_1_250' title='bbox 2295 3840 2730 3921; x_wconf 78' lang='lat' dir='ltr'>solempnitas</span> 
     </span>
     <span class='ocr_line' id='line_1_33' title="bbox 486 3947 2725 4029; baseline -0.001 -20"><span class='ocrx_word' id='word_1_251' title='bbox 486 3947 874 4011; x_wconf 82' lang='lat' dir='ltr'>huiusmodi</span> <span class='ocrx_word' id='word_1_252' title='bbox 920 3953 1109 4010; x_wconf 85' lang='lat' dir='ltr'>actus</span> <span class='ocrx_word' id='word_1_253' title='bbox 1156 3949 1460 4029; x_wconf 82' lang='lat' dir='ltr'>exposcit,</span> <span class='ocrx_word' id='word_1_254' title='bbox 1489 3950 1850 4010; x_wconf 84' lang='lat' dir='ltr'>venientem</span> <span class='ocrx_word' id='word_1_255' title='bbox 1878 3966 2033 4008; x_wconf 85' lang='lat' dir='ltr'>cnm</span> <span class='ocrx_word' id='word_1_256' title='bbox 2069 3947 2411 4009; x_wconf 84' lang='lat' dir='ltr'>banderiis</span> <span class='ocrx_word' id='word_1_257' title='bbox 2442 3952 2502 4009; x_wconf 87' lang='lat' dir='ltr'>et</span> <span class='ocrx_word' id='word_1_258' title='bbox 2536 3948 2725 4008; x_wconf 80' lang='lat' dir='ltr'>vexil-</span> 
     </span>
     <span class='ocr_line' id='line_1_34' title="bbox 489 4054 2728 4136; baseline 0 -21"><span class='ocrx_word' id='word_1_259' title='bbox 489 4054 572 4117; x_wconf 87' lang='lat' dir='ltr'>lis</span> <span class='ocrx_word' id='word_1_260' title='bbox 615 4074 698 4117; x_wconf 88' lang='lat' dir='ltr'>ac</span> <span class='ocrx_word' id='word_1_261' title='bbox 738 4055 1274 4136; x_wconf 65' lang='lat' dir='ltr'>genuflectenaem</span> <span class='ocrx_word' id='word_1_262' title='bbox 1313 4060 1915 4136; x_wconf 72' lang='lat' dir='ltr'>juramentumque</span> <span class='ocrx_word' id='word_1_263' title='bbox 1954 4055 2315 4135; x_wconf 84' lang='lat' dir='ltr'>fidelitatis</span> <span class='ocrx_word' id='word_1_264' title='bbox 2370 4059 2427 4115; x_wconf 91' lang='lat' dir='ltr'>et</span> <span class='ocrx_word' id='word_1_265' title='bbox 2484 4054 2728 4117; x_wconf 84' lang='lat' dir='ltr'>subiec-</span> 
     </span>
     <span class='ocr_line' id='line_1_35' title="bbox 493 4161 2727 4243; baseline 0 -20"><span class='ocrx_word' id='word_1_266' title='bbox 493 4161 692 4224; x_wconf 83' lang='lat' dir='ltr'>tionis</span> <span class='ocrx_word' id='word_1_267' title='bbox 736 4162 942 4224; x_wconf 85' lang='lat' dir='ltr'>debite</span> <span class='ocrx_word' id='word_1_268' title='bbox 973 4162 1363 4242; x_wconf 86' lang='lat' dir='ltr'>facientem,</span> <span class='ocrx_word' id='word_1_269' title='bbox 1408 4167 1613 4243; x_wconf 85' lang='lat' dir='ltr'>prout</span> <span class='ocrx_word' id='word_1_270' title='bbox 1665 4164 1879 4223; x_wconf 86' lang='lat' dir='ltr'>moris</span> <span class='ocrx_word' id='word_1_271' title='bbox 1923 4167 2037 4239; x_wconf 75' lang='lat' dir='ltr'>est,</span> <span class='ocrx_word' id='word_1_272' title='bbox 2089 4162 2151 4223; x_wconf 93' lang='lat' dir='ltr'>in</span> <span class='ocrx_word' id='word_1_273' title='bbox 2186 4163 2449 4223; x_wconf 90' lang='lat' dir='ltr'>nomine</span> <span class='ocrx_word' id='word_1_274' title='bbox 2485 4163 2727 4224; x_wconf 91' lang='lat' dir='ltr'>domini</span> 
     </span>
     <span class='ocr_line' id='line_1_36' title="bbox 492 4270 2733 4350; baseline 0.001 -20"><span class='ocrx_word' id='word_1_275' title='bbox 492 4270 830 4332; x_wconf 85' lang='lat' dir='ltr'>salvatoris</span> <span class='ocrx_word' id='word_1_276' title='bbox 878 4271 1077 4333; x_wconf 86' lang='lat' dir='ltr'>nostri</span> <span class='ocrx_word' id='word_1_277' title='bbox 1138 4288 1178 4332; x_wconf 90' lang='lat' dir='ltr'>a</span> <span class='ocrx_word' id='word_1_278' title='bbox 1246 4288 1378 4350; x_wconf 84' lang='lat' dir='ltr'>quo</span> <span class='ocrx_word' id='word_1_279' title='bbox 1443 4273 1657 4333; x_wconf 90' lang='lat' dir='ltr'>omnis</span> <span class='ocrx_word' id='word_1_280' title='bbox 1723 4271 1936 4331; x_wconf 90' lang='lat' dir='ltr'>honor</span> <span class='ocrx_word' id='word_1_281' title='bbox 1998 4279 2060 4332; x_wconf 90' lang='lat' dir='ltr'>et</span> <span class='ocrx_word' id='word_1_282' title='bbox 2126 4270 2523 4350; x_wconf 84' lang='lat' dir='ltr'>principatus</span> <span class='ocrx_word' id='word_1_283' title='bbox 2590 4288 2733 4350; x_wconf 93' lang='lat' dir='ltr'>pro-</span> 
     </span>
     <span class='ocr_line' id='line_1_37' title="bbox 495 4376 2733 4459; baseline 0 -24"><span class='ocrx_word' id='word_1_284' title='bbox 495 4377 710 4439; x_wconf 84' lang='lat' dir='ltr'>venire</span> <span class='ocrx_word' id='word_1_285' title='bbox 744 4376 1100 4441; x_wconf 84' lang='lat' dir='ltr'>dinoscitur</span> <span class='ocrx_word' id='word_1_286' title='bbox 1147 4395 1261 4457; x_wconf 89' lang='lat' dir='ltr'>per</span> <span class='ocrx_word' id='word_1_287' title='bbox 1276 4378 1566 4459; x_wconf 84' lang='lat' dir='ltr'>palium,</span> <span class='ocrx_word' id='word_1_288' title='bbox 1600 4379 1885 4439; x_wconf 87' lang='lat' dir='ltr'>mitram</span> <span class='ocrx_word' id='word_1_289' title='bbox 1914 4383 1973 4439; x_wconf 89' lang='lat' dir='ltr'>et</span> <span class='ocrx_word' id='word_1_290' title='bbox 1992 4377 2301 4459; x_wconf 80' lang='lat' dir='ltr'>gladium</span> <span class='ocrx_word' id='word_1_291' title='bbox 2349 4382 2405 4437; x_wconf 86' lang='lat' dir='ltr'>et</span> <span class='ocrx_word' id='word_1_292' title='bbox 2452 4376 2595 4440; x_wconf 87' lang='lat' dir='ltr'>alia</span> <span class='ocrx_word' id='word_1_293' title='bbox 2642 4380 2733 4438; x_wconf 77' lang='lat' dir='ltr'>act</span> 
     </span>
     <span class='ocr_line' id='line_1_38' title="bbox 488 4482 2729 4564; baseline 0 -20"><span class='ocrx_word' id='word_1_294' title='bbox 488 4482 598 4545; x_wconf 84' lang='lat' dir='ltr'>hec</span> <span class='ocrx_word' id='word_1_295' title='bbox 634 4484 1042 4564; x_wconf 82' lang='lat' dir='ltr'>pertinentia</span> <span class='ocrx_word' id='word_1_296' title='bbox 1105 4485 1599 4547; x_wconf 85' lang='lat' dir='ltr'>illustravimus</span> <span class='ocrx_word' id='word_1_297' title='bbox 1644 4491 1703 4548; x_wconf 87' lang='lat' dir='ltr'>et</span> <span class='ocrx_word' id='word_1_298' title='bbox 1751 4485 2182 4547; x_wconf 84' lang='lat' dir='ltr'>illustramus</span> <span class='ocrx_word' id='word_1_299' title='bbox 2237 4490 2295 4546; x_wconf 89' lang='lat' dir='ltr'>et</span> <span class='ocrx_word' id='word_1_300' title='bbox 2361 4486 2429 4546; x_wconf 88' lang='lat' dir='ltr'>in</span> <span class='ocrx_word' id='word_1_301' title='bbox 2495 4502 2729 4546; x_wconf 81' lang='lat' dir='ltr'>eorum</span> 
     </span>
     <span class='ocr_line' id='line_1_39' title="bbox 483 4589 2731 4674; baseline 0 -23"><span class='ocrx_word' id='word_1_302' title='bbox 483 4591 880 4672; x_wconf 81' lang='lat' dir='ltr'>principem,</span> <span class='ocrx_word' id='word_1_303' title='bbox 906 4591 1140 4654; x_wconf 83' lang='lat' dir='ltr'>ducem</span> <span class='ocrx_word' id='word_1_304' title='bbox 1186 4597 1246 4654; x_wconf 88' lang='lat' dir='ltr'>et</span> <span class='ocrx_word' id='word_1_305' title='bbox 1292 4592 1636 4673; x_wconf 87' lang='lat' dir='ltr'>despotum</span> <span class='ocrx_word' id='word_1_306' title='bbox 1684 4595 1887 4655; x_wconf 84' lang='lat' dir='ltr'>totius</span> <span class='ocrx_word' id='word_1_307' title='bbox 1932 4595 2126 4674; x_wconf 79' lang='lat' dir='ltr'>regni</span> <span class='ocrx_word' id='word_1_308' title='bbox 2156 4592 2398 4655; x_wconf 84' lang='lat' dir='ltr'>Rascie</span> <span class='ocrx_word' id='word_1_309' title='bbox 2439 4595 2496 4653; x_wconf 88' lang='lat' dir='ltr'>et</span> <span class='ocrx_word' id='word_1_310' title='bbox 2530 4589 2731 4652; x_wconf 84' lang='lat' dir='ltr'>Alba-</span> 
     </span>
    </p>
   </div>
  </div>
 </body>
</html>
