3475 5200
1424 451 1488 459 -
1564 421 1775 508 33..-

477 638 975 702 Bartholomeus
1020 639 1304 720 Magnus
1353 642 1546 703 iudex
1593 650 1810 705 vester
1855 644 2152 723 specialis
2200 650 2265 706 et
2311 644 2556 708 Cantor
2590 648 2722 709 lite-

477 754 654 808 ratus
711 747 959 810 iuratus
1017 748 1175 811 civis
1220 748 1283 809 in
1332 765 1558 812 eorum
1616 767 1695 811 ac
1752 757 2115 813 vestrorum
2182 754 2477 832 personis
2534 755 2723 817 nobis

476 854 796 918 humiliter
852 862 915 918 et
960 854 1197 918 devote
1244 857 1706 937 supplicarunt,
1756 865 1827 919 ut
1873 875 1997 920 vos
2045 868 2106 921 et
2153 871 2446 922 vestrum
2497 879 2721 940 quem-

473 960 625 1023 libet
673 963 738 1024 in
786 964 1039 1027 cunctis
1091 965 1325 1027 vestris
1378 965 1780 1028 libertatibus
1838 982 1951 1045 per
2005 968 2495 1031 serenissimum
2553 970 2721 1049 prin-

476 1069 684 1148 cipem
781 1070 1120 1134 dominum
1216 1069 1711 1152 Sigismundum
1798 1073 1898 1136 dei
1982 1075 2186 1154 gratia
2276 1075 2719 1138 Romanorum

475 1194 692 1258 regem
738 1195 1000 1259 semper
1044 1187 1399 1260 augustum
1446 1198 1523 1242 ac
1573 1180 1925 1261 Hungarie,
1985 1181 2318 1261 Bohemie,
2380 1182 2717 1260 Dalmatie,

475 1283 731 1349 Croatie
779 1293 899 1349 etc.
949 1303 1169 1366 regem
1216 1294 1279 1349 et
1327 1305 1441 1368 per
1471 1306 1889 1368 consequens
1937 1288 2346 1369 Stephanum
2381 1287 2484 1352 dei
2515 1290 2721 1370 gratia

474 1392 822 1471 despotum
873 1393 1100 1457 Rascie
1165 1396 1338 1457 bone
1404 1397 1712 1459 memorie
1764 1396 2021 1460 fratrem
2071 1403 2367 1460 nostrum
2417 1397 2721 1460 dilectum

473 1500 664 1563 vobis
709 1517 1027 1580 generose
1092 1504 1425 1566 concessis
1489 1511 1552 1565 et
1615 1504 1899 1582 indultis,
1968 1504 2245 1583 benigne
2312 1504 2723 1585 dignaremur

474 1625 881 1672 conservare.
915 1607 1057 1674 Nos
1080 1610 1254 1673 enim
1278 1611 1862 1691 supplicationibus
1894 1612 2251 1675 eorundem
2286 1612 2722 1675 Bartholomei

472 1715 703 1778 iudicis
762 1725 826 1778 et
882 1716 1184 1779 Cantoris
1236 1717 1461 1779 literati
1519 1719 1741 1781 iuratis
1799 1719 1956 1781 civis
2012 1699 2378 1782 vestrorum
2444 1719 2721 1797 benigne
2758 1743 2775 1760 κ

474 1823 774 1899 inclinati,
839 1841 964 1886 vos
1021 1832 1085 1887 et
1158 1826 1508 1905 quemlibet
1574 1833 1865 1889 vestrum
1940 1828 2003 1889 in
2088 1828 2409 1889 universis
2492 1826 2723 1889 vestris

471 1930 870 1993 libertatibus
944 1940 1015 1994 ut
1051 1931 1060 1936 “
1096 1933 1411 2012 prefertur
1494 1950 1607 2012 per
1689 1934 1903 2014 ipsum
1997 1934 2337 1997 dominum
2426 1941 2721 1995 nostrum

474 2055 692 2118 regem
724 2047 788 2101 et
814 2040 1164 2119 despotum
1206 2040 1468 2103 fratrem
1510 2049 1807 2103 nostrum
1850 2042 2155 2105 dilectum
2183 2042 2371 2103 vobis
2403 2057 2719 2121 generose

471 2146 735 2211 indultis
764 2154 827 2209 et
859 2149 1194 2211 concessis
1225 2149 1653 2229 indempniter
1682 2149 1992 2211 volumus
2040 2166 2452 2223 conservare,
2493 2164 2719 2228 ymmo

472 2272 944 2320 conservamus
991 2263 1054 2318 et
1100 2258 1502 2336 inposterum
1571 2264 2081 2334 augmentamus
2140 2257 2542 2336 presentium
2609 2271 2723 2333 per

474 2362 782 2441 vigorem.
817 2362 1143 2426 Volumus
1167 2364 1356 2442 igitur
1373 2364 1653 2425 eandem
1673 2364 1999 2425 civitatem
2023 2372 2315 2426 nostram
2334 2361 2719 2425 Debrechen

470 2477 774 2532 vocatam
805 2471 891 2533 ad
919 2470 1274 2550 premissas
1314 2472 1639 2534 libertates
1686 2477 1937 2534 vestras
1986 2471 2048 2534 in
2089 2471 2244 2534 foris
2275 2478 2338 2533 et
2379 2470 2518 2532 aliis
2560 2468 2719 2531 locis

470 2579 746 2660 publicis
783 2579 1022 2659 pallam
1062 2579 1528 2660 proclamando
1566 2598 1681 2660 per
1716 2596 1841 2642 vos
1873 2578 2282 2642 multitudine
2322 2577 2715 2659 populorum

470 2688 797 2751 decorare.
848 2687 1090 2751 Datum
1127 2688 1193 2749 in
1226 2686 1366 2767 Bya
1412 2689 1475 2749 in
1524 2687 1692 2750 festo
1759 2688 2163 2750 ascensionis
2227 2686 2492 2762 domini,
2534 2700 2711 2747 anno

468 2795 763 2857 eiusdem
811 2795 1150 2858 millesimo
1194 2795 1832 2875 quadringentesimo
1877 2797 2195 2876 vigesimo
2241 2811 2440 2857 nono.

686 2973 908 3035 Eredeti,
933 2970 1136 3037 hiutya,
1164 2970 1301 3038 aljc'm
1326 2969 1508 3036 pecset
1535 2970 1903 3022 torede'keivel.
1946 2971 2248 3021 Debreczen
2286 2968 2445 3020 varos
2472 2967 2716 3034 magimlt.

473 3061 766 3127 Diplomitk‚
813 3063 891 3112 10.
932 3077 1008 3113 sz.

1518 3296 1696 3359 CLII.

1140 3512 1452 3592 Pozsony‚
1501 3509 1700 3574 1429.
1739 3508 1893 3591 jau.
1944 3508 2050 3573 16.

472 3690 758 3756 Zsigmond
796 3687 962 3754 kiraly
1002 3689 1319 3740 Brankovics
1358 3689 1575 3754 Gyorgy
1614 3687 1732 3737 racz
1782 3689 2038 3754 deszpota
2076 3686 2358 3739 kerelmere
2401 3703 2432 3737 a
2469 3690 2725 3753 deszpota

469 3778 713 3844 torbagyi
755 3777 1084 3844 jobbiigyait,
1130 3779 1417 3829 tekintettel
1465 3794 1527 3829 ez
1577 3776 1700 3828 6ket
1745 3775 1823 3829 ert
1868 3777 2018 3828 elemi
2066 3776 2404 3844 csapasokra,
2445 3794 2476 3828 a
2514 3779 2722 3827 kamara

962 3871 1163 3919 haszna
1201 3866 1410 3918 fizetese
1451 3867 1553 3917 alol
1592 3868 1723 3918 br'ok
1762 3864 1944 3917 id6kre
1984 3867 2236 3919 solmenti.

1492 4049 1888 4112 Commissio
1935 4051 2192 4130 propria
2238 4049 2480 4112 domini
2531 4048 2725 4127 regis

685 4196 828 4260 Nos
893 4194 1352 4276 Sigismundus
1399 4195 1498 4257 dei
1546 4195 1752 4274 gratia
1809 4192 2255 4256 Romanorum
2305 4209 2419 4255 rex
2468 4209 2726 4271 semper

473 4313 799 4384 augustus
845 4322 924 4366 ac
971 4303 1322 4384 Hungarie,
1357 4302 1688 4378 Bohemie,
1722 4301 2066 4376 Dalmatie,
2117 4300 2372 4363 Croatie
2421 4306 2538 4361 etc.
2589 4317 2723 4361 rex,

473 4412 784 4474 Memor-ie
824 4412 1367 4474 commendamus
1405 4418 1630 4473 tenore
1673 4410 2073 4489 presentium
2116 4408 2558 4488 significantes
2587 4405 2723 4484 qui·

472 4521 600 4583 bus
665 4518 925 4599 expedit
989 4519 1327 4595 universis,
1394 4519 1573 4598 quod
1622 4534 1767 4595 ηοε,
1836 4518 2024 4579 cuius
2080 4534 2162 4579 ex
2218 4514 2504 4593 suscepti
2569 4513 2720 4592 regii

471 4629 736 4690 interest
781 4626 1108 4706 regiminis
1155 4626 1410 4707 fastigio
1459 4625 1745 4688 fidelium
1782 4626 1902 4688 sibi
1944 4625 2384 4687 subiectorum
2425 4619 2723 4683 comodis

2462 4742 2522 4793 6·

2804 2780 2908 2824 1⁴29

2752 2851 2863 2907 maj.
2894 2856 2934 2899 6.
