3475 5200
1759 424 2107 476 ...94-

812 645 950 707 suis
997 644 1372 707 utilitatibus
1421 653 1485 706 et
1528 644 1926 724 pertinentiis
1973 645 2059 705 ab
2105 644 2376 723 antiquo
2422 645 2631 707 eidem
2680 647 2955 709 annexis
2990 648 3050 709 in

810 757 1195 833 perpetuum
1254 752 1737 821 contulerimus,
1789 757 2008 814 tamen
2057 769 2233 813 nunc
2282 751 2623 815 Ladislaus
2670 760 2732 815 et
2780 751 3051 816 Michael

811 859 915 921 filii
963 859 1167 921 Jakch
1216 860 1298 921 de
1347 860 1569 921 Kwsal
1627 877 1704 920 ac
1762 858 2079 921 Martinus
2128 858 2208 919 de
2267 859 2612 938 Langadar
2656 862 2719 922 in
2769 863 3049 941 quadam

809 968 973 1028 valle
1031 967 1193 1028 intra
1240 973 1448 1028 metas
1496 966 1789 1029 eiusdem
1851 966 2120 1027 civitatis
2177 966 2396 1028 habita
2452 968 2781 1046 quandam
2842 971 3051 1031 villam

809 1075 1078 1154 propriis
1126 1074 1412 1137 construi
1445 1080 1510 1135 et
1538 1074 1734 1136 locari
1784 1072 2069 1135 facerent
2118 1074 2408 1153 potentia
2454 1092 2682 1138 eorum
2729 1076 3050 1138 mediante

810 1182 872 1243 in
905 1181 1328 1261 preiudicium
1361 1180 1645 1260 iurisque
1678 1181 2072 1260 derogamen
2113 1173 2319 1259 ipsius
2354 1182 2647 1261 dezpotis
2689 1183 2880 1245 valde
2919 1203 3049 1246 ma-

808 1306 1029 1368 gnum.
1063 1286 1275 1368 Super
1303 1305 1436 1369 quo
1470 1287 1756 1350 fidelitati
1796 1294 2009 1351 vestre
2044 1288 2305 1350 firmiter
2337 1289 2761 1369 precipientes
2788 1292 3049 1353 manda-

809 1414 980 1473 muS,
1047 1405 1375 1475 quatenus
1439 1402 1729 1457 vestrum
1797 1395 2062 1457 mittatis
2118 1395 2450 1458 hominem
2510 1412 2626 1474 pro
2682 1396 3048 1459 testimonio

809 1503 1228 1584 fidedignum‚
1257 1521 1388 1584 quo
1422 1510 1721 1583 presente
1756 1501 2013 1582 Gaspar
2041 1503 2121 1565 de
2150 1503 2513 1578 Posahaza‚
2546 1503 2647 1564 vel
2677 1500 3051 1583 Stephanus

808 1612 888 1674 de
934 1612 1187 1690 eadem,
1237 1612 1337 1674 sin
1386 1611 1708 1690 Georgius
1758 1595 1838 1673 de
1887 1611 2288 1688 Davidhaza,
2339 1628 2481 1697 cew
2529 1609 2895 1675 Stanislaus
2938 1623 3052 1675 aut

805 1719 1103 1783 Thomas
1160 1720 1241 1783 de
1298 1719 1665 1798 Cleczanya
1720 1718 1860 1781 aliis
1915 1719 2299 1782 absentibus
2357 1719 2560 1781 homo
2616 1727 2838 1782 noster
2901 1720 3050 1782 data

805 1828 1069 1890 veritate
1103 1827 1568 1908 premissorum
1595 1832 1826 1888 evocet
1850 1826 2138 1906 prefatos
2170 1825 2545 1888 Ladislaum
2578 1835 2641 1888 et
2670 1825 3047 1890 Michaelem

804 1935 1011 1997 Jakch
1059 1943 1122 1998 et
1168 1935 1516 1996 Martinum
1566 1940 1794 1996 contra
1840 1941 2226 1996 annotatum
2284 1933 2639 2013 Georgium
2699 1934 3046 2014 dezpotum

806 2050 1096 2105 nostram
1145 2042 1206 2103 in
1257 2041 1648 2122 presentiam
1687 2041 1773 2103 ad
1804 2042 2151 2104 terminum
2191 2047 2692 2119 competentem,
2737 2042 3047 2104 rationem

806 2150 885 2212 de
933 2149 1266 2230 premissis
1321 2148 1717 2211 redditurum
1774 2148 1899 2210 litis
1955 2149 2319 2227 pendenti5‚
2376 2148 2428 2210 si
2484 2166 2617 2227 qua
2673 2148 2837 2210 soret
2892 2149 3050 2210 inter

805 2258 984 2337 ipsos
1027 2275 1160 2319 non
1200 2258 1520 2333 obstante,
1555 2263 1617 2318 et
1657 2262 1807 2335 post
1846 2256 1974 2317 hoc
2016 2255 2301 2335 ipsarum
2350 2255 2777 2334 inquisitionis
2809 2263 2873 2317 et
2900 2273 3047 2318 evo·

804 2365 1075 2427 cationis
1108 2365 1338 2426 seriem
1371 2382 1523 2426 cum
1568 2363 1942 2425 nominibus
1988 2369 2410 2425 evocatorum
2452 2363 2857 2443 terminoque
2889 2364 3044 2426 assi·

803 2482 1002 2552 gnato
1043 2472 1233 2534 nobis
1262 2472 1530 2534 fideliter
1548 2470 1929 2533 rescribatis.
1962 2469 2203 2532 Datum
2242 2469 2425 2533 Bude
2459 2470 2750 2532 secundo
2771 2470 2874 2533 die
2905 2471 3042 2533 testi

805 2580 1137 2643 divisionis
1183 2578 1630 2660 apostolorum
1671 2594 1848 2640 anno
1887 2577 2129 2640 domini
2170 2576 2507 2641 millesimo
2556 2577 3043 2659 quadringente·
3082 2602 3085 2605 ’

628 2664 733 2708 ¹4³³
806 2689 972 2749 simo
1020 2686 1343 2750 tricesimo
1391 2688 1592 2749 tertio,

585 2736 672 2791 jun.
711 2737 772 2780 ιδ.

1019 2882 1265 2947 Kivul:
1319 2884 1646 2946 Fidelibus
1702 2883 1941 2945 nostris
1997 2882 2345 2945 conventui
2402 2883 2673 2945 ecclesie
2728 2881 2810 2944 de
2858 2882 3044 2945 Lelez

805 3012 921 3075 pro
971 2995 1192 3056 illustri
1252 2992 1534 3072 principe
1592 2989 1859 3053 domino
1915 2989 2198 3069 Georgio
2267 2990 2444 3069 regni
2494 2988 2720 3052 Rascie
2767 2991 3044 3070 dezpoto

805 3102 1202 3181 inquisitoria
1248 3107 1312 3162 et
1358 3098 1746 3163 evocatoria.

1019 3228 1089 3289 R.
1126 3226 1384 3306 Gaspar
1421 3226 1502 3286 de
1541 3223 1900 3300 Posahaza,
1950 3231 2171 3285 noster
2215 3223 2409 3286 frater
2456 3220 2832 3302 Stephanus
2872 3240 3043 3302 pres-

606 3325 752 3451 ,3ᾙο
807 3338 965 3398 biter
1029 3352 1153 3398 suo
1200 3334 1401 3397 modo
1447 3334 1511 3395 in
1569 3331 1822 3411 Beregh
1861 3331 2018 3393 feria
2063 3331 2289 3410 quinto
2336 3330 2632 3409 proxima
2678 3337 2829 3410 post
2876 3329 3043 3392 Nati-

646 3452 709 3494 10-
805 3444 1019 3506 vitatis
1067 3442 1264 3504 Marie
1313 3441 1566 3504 nobiles
1612 3441 1694 3501 de
1741 3439 1968 3500 Kwsal
2012 3440 2076 3500 in
2117 3437 2366 3515 Kazon,
2401 3436 2749 3499 Martinum
2786 3454 2944 3499 vero
2981 3437 3041 3499 in

628 3541 732 3585 ¹⁴³³
805 3552 1037 3614 eadem
1084 3549 1427 3629 Langadar
1473 3549 1558 3611 ad
1603 3547 1958 3610 Michaelis,
2012 3545 2251 3608 Datum
2301 3546 2484 3608 tertio
2532 3544 2652 3608 die.

607 3618 753 3710 “fit-’¹'
1019 3657 1159 3720 Nos
1206 3657 1393 3737 igitur
1439 3655 1765 3718 mandatis
1796 3662 2006 3716 vestre
2040 3652 2399 3715 serenitatis
2444 3659 2565 3714 etc.
2599 3650 2952 3717 Scivissent
2982 3657 3042 3713 et

814 3767 1198 3847 reperissent
1219 3765 1552 3827 veritatem
1574 3762 1753 3843 quod
1774 3762 2163 3842 premissum
2185 3761 2430 3821 factum
2463 3758 2914 3839 potentiarium
2936 3774 3045 3838 per

805 3880 1156 3937 annotatos
1189 3872 1562 3935 Ladislaum
1595 3877 1658 3933 et
1688 3870 2073 3932 Michaelem
2105 3868 2312 3930 Jakch
2346 3868 2426 3929 de
2461 3867 2683 3928 Kwsal
2720 3883 2799 3927 ac
2832 3865 3040 3927 Marti·

805 4001 963 4045 num
987 3982 1068 4044 de
1079 3982 1421 4061 Langadar
1439 3979 1768 4043 suomodo
1783 3977 2275 4059 proutvidelicet
2292 3984 2476 4039 tenor
2493 3976 2815 4037 literarum
2837 3981 3041 4035 vestre

806 4091 1164 4154 serenitatis
1196 4089 1557 4152 continetur
1587 4085 1947 4167 predictum
1986 4085 2412 4164 perpetiatum
2453 4081 2785 4158 extitisset,
2820 4099 3040 4160 quam-

626 4259 731 4302 1433
805 4217 999 4279 quam
1049 4197 1257 4278 ipsam
1305 4195 1782 4275 inquisitionem
1822 4193 1979 4255 feria
2016 4192 2239 4270 quinta
2277 4189 2573 4270 proxima
2608 4194 2758 4269 post
2803 4186 3036 4250 festum

607 4336 752 4386 περι.
804 4305 862 4368 N
868 4306 1167 4367 ativitatis
1209 4306 1394 4366 beate
1435 4303 1632 4363 Marie
1672 4301 1934 4380 virginis
1973 4300 2263 4379 proxime
2302 4300 2598 4376 elapsum
2650 4301 3038 4358 memoratos

645 4387 710 4428 ¹⁰·
807 4413 1177 4476 Ladislaum
1225 4419 1287 4473 et
1334 4410 1716 4472 Michaelem
1765 4407 1971 4469 Jakch
2020 4408 2100 4467 de
2150 4406 2372 4467 Kwsal
2420 4406 2481 4465 in
2531 4403 2772 4485 oppido
2818 4418 3038 4464 eorum

807 4522 1033 4583 Kazon
1091 4537 1169 4580 ac
1226 4518 1572 4580 Martinum
1627 4517 1708 4578 de
1758 4514 2100 4594 Langadar
2147 4515 2208 4575 in
2259 4512 2551 4594 portione
2607 4529 2732 4574 sua
2786 4525 3039 4591 posses-

806 4627 1086 4691 sionaria
1116 4627 1180 4687 in
1213 4627 1440 4688 eadem
1491 4624 1711 4686 habita
1743 4623 1845 4685 die
1878 4623 2171 4684 videlicet
2204 4622 2265 4683 in
2299 4622 2531 4683 eodem
2581 4625 2807 4683 contra
2843 4632 3038 4679 anno·
