3475 5200
1731 310 2086 362 -64-

784 531 1165 612 procedunt,
1223 531 1429 592 eicere
1485 537 1549 592 et
1605 529 1951 596 excludere
2007 529 2297 592 debeatis
2356 530 2595 592 iustitia
2651 531 3033 609 requirente,

783 641 891 718 qui
940 640 992 701 si
1042 638 1318 701 feceritis
1364 639 1530 700 bene
1587 638 1873 717 quidem,
1931 639 2216 717 alioquin
2274 638 2727 701 commisimus
2783 638 3034 718 prefato

782 747 1094 827 magistro
1141 743 1499 824 Stephano,
1533 751 1599 807 et
1636 746 2037 825 presentium
2076 747 2240 808 serie
2270 745 2760 823 committimus,
2798 752 2871 807 ut
2908 763 3033 809 vos

779 853 864 914 ad
911 853 1229 932 premissa
1285 852 1585 915 facienda
1639 853 1854 914 acrius
1898 842 2303 932 'compellant
2349 859 2413 915 et
2459 853 2821 933 astringant
2877 870 3032 915 cum

780 961 1009 1023 vestris
1053 960 1562 1040 gravaminibus.
1624 959 2038 1040 Quicumque
2084 976 2241 1022 vero
2289 959 2354 1021 in
2400 959 2526 1020 hac
2576 966 2756 1039 parte
2804 966 3033 1022 contra

782 1084 904 1130 nos
950 1085 1028 1129 ac
1076 1067 1568 1129 universitatem
1622 1075 1910 1129 vestram
1968 1067 2231 1129 obviare
2286 1067 2581 1143 voluerit,
2629 1067 2776 1129 talis
2822 1068 2887 1129 in
2935 1069 3031 1129 in·

779 1173 1083 1237 fidelitate
1131 1175 1499 1253 reperietur,
1533 1181 1597 1236 et
1631 1175 1807 1236 aliud
1856 1175 1919 1235 in
1964 1174 2297 1253 premissis
2346 1172 2560 1236 facere
2604 1191 2737 1236 non
2779 1175 3025 1237 ausuri.

780 1282 1021 1344 Datum
1069 1282 1133 1343 in
1182 1282 1605 1344 Albanandor
1651 1280 1716 1342 in
1766 1280 1935 1343 festo
1991 1282 2333 1343 beatorum
2389 1279 2704 1360 Symonis
2750 1289 2814 1344 et
2856 1281 3028 1343 Jude

775 1390 1222 1470 apostolorum
1242 1406 1418 1451 anno
1438 1388 1682 1451 domini
1712 1388 2055 1451 millesimo
2075 1387 2719 1468 quadringentesimo
2740 1388 3027 1451 decimo·

601 1481 702 1521 ¹⁴¹⁷
775 1497 1074 1576 septimo.

542 1549 635 1591 okt.
656 1551 725 1593 28.

989 1637 1209 1699 Eredeti‚
1257 1637 1421 1701 papir,
1469 1634 1610 1700 aljim
1655 1632 2007 1701 papirsdlzetfi
2055 1638 2216 1687 votos
2262 1637 2479 1686 viaszba
2529 1640 2769 1702 nyomott
2823 1632 3027 1702 εγὼ-ὗε

771 1724 1040 1791 ρεσεόῐῐεΙ.
1081 1727 1150 1776 Μ.
1191 1724 1252 1776 N.
1291 1725 1382 1787 M„
1422 1723 1610 1789 Kallay
1647 1740 1722 1777 cs,
1761 1726 1816 1777 lt.

1761 1977 2014 2043 CXXX.

1341 2170 1402 2235 T
1395 2171 1856 2255 iszavarsdny,
1901 2172 2098 2239 1417.
2150 2192 2291 2237 nov.
2337 2173 2446 2237 22.

767 2335 956 2385 Ozorai
1005 2335 1134 2399 Pipo
1180 2332 1645 2399 temesvtirmegyei
1692 2332 1905 2399 foispan
1954 2335 2268 2399 meghagyja
2314 2333 2505 2383 Temes
2552 2331 2611 2384 e‘s
2662 2333 2862 2385 Krasso
2901 2333 3021 2386 vrit·

764 2421 988 2488 megyek
1050 2421 1475 2488 koziinse'genek,
1530 2422 1845 2474 halaszszak
1901 2424 1948 2473 el
1987 2423 2252 2473 Remethei
2310 2421 2459 2473 Peter
2501 2424 2587 2486 fla,
2642 2421 2931 2474 Istvannak
2988 2439 3021 2474 a

766 2510 1075 2564 Lazrirevies
1129 2511 1306 2563 Istvan
1369 2511 1487 2563 racz
1543 2514 1802 2578 deszpota
1856 2509 2197 2578 bejarojanak
2252 2513 2449 2578 iigyeit,
2506 2516 2639 2564 mort
2699 2528 2729 2562 a
2785 2514 3017 2579 despota

1271 2600 1664 2667 szolgitlatltban
1705 2602 1985 2654 allandoan
2023 2604 2071 2653 el
2106 2618 2212 2653 van
2249 2603 2498 2668 soglalva.

978 2744 1215 2810 Ortvay:
1259 2746 1293 2797 i.
1332 2761 1418 2809 σι,
1456 2743 1546 2798 IV.
1586 2747 1706 2798 338.
1749 2762 1823 2797 sz.

1736 2997 2023 3061 CXXXI.

1230 3193 1635 3276 Esztergom‚
1683 3191 1732 3258 έ.
1784 3213 1847 3256 n.
1895 3190 2154 3273 (1418.)
2206 3192 2430 3257 ma'rcz
2476 3191 2538 3255 6.

758 3353 1002 3403 Kanizsai
1039 3351 1206 3403 Jfinos
1244 3353 1557 3417 esztergomi
1595 3350 1745 3402 ersek
1785 3352 2067 3417 Zsigmond
2109 3350 2377 3416 kiralynak
2424 3334 2899 3418 maginiigye‘kben
2940 3350 3005 3404 irt

754 3440 1021 3492 leveleben
1056 3442 1255 3507 jelenti‚
1280 3443 1424 3507 hogy
1453 3439 1762 3492 Lam-avios
1793 3439 1969 3492 Istvitn
1998 3439 2118 3492 rficz
2144 3438 2478 3507 deszpotatol
2514 3442 2772 3494 leveleket
2799 3443 3003 3508 kapott,

754 3532 1061 3597 melyekben
1110 3547 1173 3581 az
1219 3528 1322 3581 hirt
1367 3533 1434 3581 ad
1481 3547 1512 3581 a
1557 3529 1880 3594 ῐὸτὸῑιὸἰσὸῑ,
1929 3528 2164 3596 egyuttal
2209 3532 2473 3597 bizonyos
2522 3532 2840 3583 Lemellinus
2880 3530 2999 3583 altal

1367 3622 1630 3686 megkiildi
1669 3621 1787 3670 neki
1828 3635 1891 3670 az
1929 3618 2070 3670 illet6
2108 3621 2380 3673 leveleket.

965 3764 1392 3831 Serenissime
1422 3768 1725 3847 princeps
1745 3776 1808 3829 et
1837 3768 2101 3830 domine
2125 3766 2389 3829 domine
2420 3774 2641 3830 noster
2670 3767 2999 3846 gratiosis·

751 3877 931 3938 sime.
950 3875 1048 3938 De
1069 3875 1466 3938 novitatibus
1487 3874 1589 3937 his
1610 3875 1697 3936 im
1716 3876 2010 3955 partibus
2040 3874 2218 3955 apud
2249 3892 2375 3938 nos
2394 3874 2762 3954 vigentibus
2783 3881 3000 3937 vestre

749 3984 1072 4045 serenitati
1092 3982 1265 4045 aliud
1277 3982 1557 4045 scribere
1572 3999 1706 4045 non
1719 3982 1986 4058 scimus,
2001 3983 2122 4044 nisi
2137 3982 2315 4060 quod
2335 3983 2511 4044 istud
2531 3998 2806 4061 regnum
2826 3998 2999 4044 sere-

749 4089 961 4151 nitatis
974 4098 1185 4153 vestre
1205 4089 1542 4170 Hungaria
1551 4090 1842 4169 undique
1862 4089 2075 4151 existit
2097 4090 2161 4151 in
2184 4104 2426 4169 magna
2444 4089 2626 4169 pacis
2648 4088 2995 4169 tranquilli-

748 4202 974 4274 tate,et
991 4198 1405 4276 literas‚quas
1425 4197 1729 4260 hincinde
1740 4196 1821 4258 de
1833 4198 2234 4260 novitatibus
2254 4197 2608 4260 habuimus
2619 4213 2734 4276 per
2747 4194 2995 4258 Lemel-

747 4305 948 4364 linum
970 4304 1325 4367 direximus
1343 4310 1558 4367 vestre
1588 4305 1949 4391 serenitatis
1975 4312 2038 4366 et
2062 4305 2257 4367 etiam
2282 4306 2387 4367 illa
2406 4322 2535 4384 que
2555 4304 2636 4366 de
2656 4302 2890 4366 Turcis
2908 4319 2996 4365 ex

748 4412 1181 4474 insinuatione
1210 4412 1470 4475 illustris
1500 4411 1745 4474 domini
1775 4411 2025 4492 despoti
2058 4413 2282 4475 audire
2313 4413 2667 4493 potuimus,
2692 4428 2808 4490 per
2834 4427 2993 4473 eun·

746 4520 896 4581 dem
937 4517 1355 4581 Lemellinum
1387 4526 1598 4582 vestre
1638 4520 1962 4582 serenitati
1999 4520 2470 4601 rescripsimus.
2503 4519 2735 4583 Eidem
2767 4525 2989 4580 tamen
