3475 5200
559 4124 666 4165 145ss

506 4194 595 4250 jm.
624 4196 690 4237 ιο.

1689 402 2078 455 -468-

758 627 914 675 tanto
981 620 1216 678 l'animo
1283 624 1353 676 de
1420 622 1569 677 fideli
1642 628 1694 677 et
1759 622 2016 680 indurria
2079 629 2236 678 tanto
2285 630 2492 682 terrore
2557 627 2671 681 allo
2743 627 3002 694 inimico,

758 734 974 797 quanto
1022 744 1155 784 cum
1202 745 1395 801 penna
1442 730 1687 785 scrivere
1734 744 1799 784 se
1845 736 2095 800 potesse.
2145 729 2478 800 Imperoche
2512 747 2738 802 avenga
2768 734 2862 788 dio
2892 735 3008 790 che

757 836 928 905 quelli
995 837 1122 891 sian
1188 852 1328 906 gran
1395 837 1618 891 subsidi
1684 838 2050 894 convenienti
2121 845 2174 896 et
2221 839 2391 908 degni
2458 840 2532 896 ad
2578 840 2714 910 ogni
2785 842 3004 910 grande

756 944 1113 1013 imperatore,
1149 945 1502 1000 nondimeno
1534 946 1592 999 la
1637 946 1724 1000 lor
1770 944 1951 999 ferma
1999 946 2304 1000 avanzaria
2350 948 2403 1000 el
2449 962 2710 1012 numero,
2745 954 2796 1003 et
2826 949 3000 1004 anchi

756 1051 915 1106 multi
962 1052 1117 1120 quali
1164 1067 1263 1122 per
1309 1052 1609 1108 devotione
1657 1066 1778 1106 non
1825 1068 1887 1106 se
1938 1068 2183 1108 moveno
2224 1052 2518 1123 pigliando
2548 1056 2811 1125 exemplo
2845 1055 3000 1109 dalla

752 1164 948 1212 vostra
996 1158 1332 1213 excellentia
1397 1173 1493 1212 se.
1526 1159 1910 1213 moverebeno
1978 1159 2162 1214 anche
2210 1160 2334 1216 loro
2402 1161 2477 1214 ad
2524 1161 2644 1216 fare
2691 1164 2741 1215 el
2789 1162 2996 1218 simile.

756 1263 859 1318 Per
903 1266 959 1319 la
1006 1267 1173 1335 quale
1222 1280 1362 1321 cosa
1409 1281 1680 1335 pregamo
1727 1268 1783 1320 18
1829 1272 2026 1321 vostra
2073 1266 2409 1321 celsitudine
2459 1283 2530 1324 ne
2577 1268 2770 1338 voglia
2803 1276 3006 1340 presto

754 1377 807 1425 81
853 1386 965 1427 8οη
1014 1369 1240 1427 celerita
1287 1374 1558 1428 mandare
1607 1373 1761 1428 dicto
1822 1373 2085 1428 subsidio
2134 1381 2187 1429 et
2233 1374 2600 1444 significasne
2655 1391 2755 1446 per
2808 1379 3005 1431 lettere

754 1481 943 1548 quello
991 1487 1044 1533 et
1091 1487 1307 1549 quanto
1374 1495 1445 1534 ne
1513 1481 1745 1546 manda,
1814 1480 2141 1551 imperoche
2189 1496 2291 1551 per
2332 1482 2590 1550 ogniuno
2623 1481 3000 1537 homodarme

752 1603 823 1641 ne
872 1584 1172 1652 mandata,
1200 1584 1411 1642 havera
1444 1603 1561 1641 una
1595 1588 1817 1656 legione
1867 1586 1924 1641 d’
1958 1589 2165 1658 angely
2214 1589 2329 1643 alla
2361 1588 2628 1643 custodia
2660 1593 2714 1643 et
2744 1604 3004 1658 governo

751 1695 899 1748 della
946 1709 1213 1763 persona,
1282 1696 1373 1749 del
1439 1710 1548 1749 suo
1614 1700 1762 1749 stato
1831 1701 1884 1748 et
1949 1694 2226 1749 dominio,
2281 1694 2347 1749 Et
2395 1710 2512 1750 non
2562 1697 2708 1753 reste
2755 1699 2828 1752 ad
2875 1697 2996 1752 fare

750 1807 954 1871 questo
1001 1809 1194 1856 vostra
1241 1801 1624 1857 illustrissima
1672 1802 1945 1872 signoria,
1981 1802 2188 1872 perche
2237 1802 2376 1857 forsi
2425 1804 2500 1856 da
2545 1803 2722 1858 vostri
2787 1819 2855 1857 ve
2905 1805 2998 1858 sia

749 1908 959 1979 scripto
993 1909 1099 1964 che
1133 1909 1189 1962 in
1220 1915 1424 1978 questo
1457 1924 1612 1963 anno
1662 1916 1861 1964 contra
1907 1911 1957 1962 el
2004 1908 2051 1962 T
2054 1923 2193 1963 urco
2227 1924 2345 1963 non
2394 1924 2456 1962 se
2488 1910 2618 1964 faza
2648 1911 3002 1981 apparechio

748 2032 985 2085 verun0,
1056 2017 1379 2087 imperoche
1429 2018 1644 2071 colloro
1695 2017 1730 2071 1’
1778 2018 1932 2071 hano
1981 2017 2195 2072 havuto
2244 2018 2319 2071 da
2365 2017 2544 2085 quini,
2598 2017 2753 2086 quali
2803 2018 2998 2071 erede·

747 2139 897 2178 vano
946 2126 996 2179 el
1042 2123 1272 2180 Turcho
1322 2125 1395 2192 gli
1445 2126 1683 2179 devesse
1730 2126 1865 2179 dare
1913 2124 2103 2193 quella
2145 2124 2376 2178 indusia
2406 2129 2460 2178 et
2492 2130 2690 2194 tregua
2741 2127 2791 2178 le
2835 2124 2996 2194 quali

749 2233 868 2286 loro
917 2234 1096 2287 multo
1143 2234 1435 2288 volentero
1483 2232 1795 2286 haveriano
1843 2237 2153 2301 acceptate‚
2207 2245 2302 2286 ma
2348 2232 2520 2285 creda
2567 2232 2639 2284 ad
2692 2231 2879 2300 questi
2930 2232 2988 2284 18

746 2345 938 2394 vostra
985 2340 1237 2409 signoria
1279 2339 1433 2408 quali
1468 2340 1541 2393 ad
1576 2354 1697 2408 nuy
1746 2340 2014 2392 scrivono
2063 2341 2170 2392 che
2219 2340 2270 2393 el
2315 2337 2546 2392 Turcho
2602 2352 2746 2391 vene
2793 2345 2998 2392 contra

744 2449 813 2501 de
862 2462 983 2516 ηυγ
1031 2463 1140 2501 8οη
1187 2453 1331 2501 tutto
1380 2448 1429 2499 81
1479 2461 1587 2500 5υο
1636 2447 1827 2501 ssorzo
1874 2451 1928 2500 et
1960 2462 2066 2500 sua
2100 2445 2370 2515 potentia.
2406 2443 2676 2498 Mandelo
2709 2446 2988 2520 adunque

744 2562 936 2608 vostra
968 2554 1305 2609 celsitudine
1340 2559 1530 2624 presto
1581 2561 1634 2608 et
1681 2568 1803 2625 nuy
1852 2568 2258 2624 procuraremo
2309 2552 2414 2606 che
2463 2552 2614 2607 nello
2649 2551 2875 2607 introito
2917 2552 2988 2605 de

741 2661 990 2715 Albania
1035 2662 1072 2716 li
1122 2661 1296 2716 vostri
1346 2661 1564 2715 barano
1613 2662 1765 2716 dallo
1816 2661 2175 2730 imperatore,
2225 2662 2319 2715 dal
2376 2676 2434 2715 re
2482 2660 2551 2714 de
2610 2659 2864 2730 Ungaria
2933 2668 2994 2714 et

741 2770 926 2823 anche
976 2770 1068 2823 dal
1118 2774 1286 2823 conte
1336 2770 1406 2823 de
1456 2767 1600 2823 Cilia
1647 2768 1819 2838 pieno
1868 2775 1920 2821 et
1966 2769 2159 2822 valido
2189 2768 2667 2835 salvoconduct0‚
2703 2773 2759 2821 et
2789 2767 2981 2821 subito

739 2878 845 2931 che
894 2892 1011 2947 noy
1061 2877 1365 2931 sentiremo
1414 2879 1538 2930 loro
1587 2892 1776 2931 essere
1827 2876 1920 2931 alli
1969 2875 2182 2930 confini
2231 2878 2301 2929 de
2347 2874 2653 2929 Alamania
2701 2873 2774 2942 gli
2829 2889 2996 2928 man*

739 2985 971 3038 daremo
1020 2984 1299 3038 incontra.
1352 2983 1485 3055 Nuy
1534 2991 1722 3039 stamo
1791 2985 1887 3053 qui
1939 2998 2264 3052 procurare,
2322 2983 2428 3036 che
2483 2980 2521 3035 li
2570 2980 2814 3034 subsidii
2861 2983 2992 3036 des·

739 3093 961 3146 cendan
1011 3107 1154 3146 zuso
1203 3092 1349 3146 dove
1399 3091 1708 3146 habbiamo
1761 3090 2013 3146 mandati
2079 3090 2287 3159 cinque
2337 3088 2495 3143 milia
2542 3087 2763 3143 homini
2827 3089 2983 3157 quali

740 3199 893 3254 hano
941 3205 1205 3253 recevuta
1239 3201 1292 3252 18
1338 3214 1522 3253 croce.
1575 3197 1704 3268 Noy
1752 3198 1825 3266 gli
1878 3198 2167 3252 mettiamo
2217 3198 2273 3251 in
2323 3195 2522 3250 ordine
2588 3209 2687 3264 per
2750 3196 2986 3251 descen·

739 3308 869 3359 dere
917 3322 1060 3360 zuso
1109 3313 1162 3360 et
1208 3306 1266 3361 in
1314 3306 1522 3375 cinque
1565 3303 1623 3360 di
1655 3305 1951 3375 possiamo
2000 3320 2193 3359 assere
2241 3303 2334 3359 alli
2384 3301 2620 3370 confini,
2671 3302 2816 3355 dove
2866 3301 2895 3355 ὲ
2929 3303 2984 3354 81

739 3412 1049 3467 reverendo
1098 3418 1251 3482 patre
1300 3414 1537 3469 domino
1586 3415 1635 3467 el
1684 3427 1901 3467 vesovo
1950 3414 2019 3465 de
2068 3411 2245 3480 Asisi,
2310 3413 2477 3480 quale
2540 3423 2735 3462 receve
2803 3410 2990 3478 pelle-

740 3519 903 3585 grini.
958 3504 1005 3574 13]
1053 3522 1237 3574 anche
1286 3522 1321 3575 li
1373 3523 1424 3575 el
1471 3521 1792 3576 venerabile
1844 3527 2001 3590 patre
2050 3519 2135 3574 fra
2184 3517 2448 3575 Zohanni
2497 3518 2568 3571 de
2627 3514 2990 3591 Capestrano

739 3628 811 3680 ad
860 3628 1169 3697 predicare.
1207 3627 1368 3682 Della
1399 3644 1540 3698 paee
1575 3628 1659 3682 fra
1692 3630 1748 3681 lo
1796 3626 2131 3698 imperatore
2181 3631 2235 3679 et
2267 3641 2327 3679 re
2374 3625 2404 3678 e
2437 3625 2651 3694 grande
2681 3637 2988 3692 speranza,

738 3733 852 3787 imo
902 3735 1067 3804 quasi
1103 3749 1221 3788 una
1268 3741 1504 3791 certeza.
1546 3734 1704 3789 Delie
1738 3735 1875 3788 altre
1908 3748 2044 3787 cose
2079 3733 2337 3786 secundo
2371 3731 2727 3786 accaderano
2761 3730 2984 3784 faremo

736 3840 934 3896 notitia
1005 3843 1077 3895 ad
1147 3847 1341 3897 vostra
1405 3841 1674 3911 signoria,
1725 3856 1762 3893 a
1801 3823 1880 3895 'la
1928 3841 2095 3909 quale
2145 3854 2262 3894 non
2329 3838 2610 3893 scrivemo
2662 3851 2867 3907 spesso
2922 3836 2982 3889 in

736 3955 939 4019 questo
988 3949 1140 4004 facto
1190 3948 1397 4019 perche
1429 3963 1666 4018 sapemo
1714 3949 1772 4004 18
1802 3943 2046 4001 sanctita
2077 3948 2147 4001 de
2182 3954 2378 4000 nostro
2405 3945 2633 4015 signore
2658 3942 2990 4013 frequenter

735 4072 805 4110 ne
855 4057 1037 4110 scrive
1106 4062 1159 4110 et
1207 4056 1440 4111 notifica
1507 4056 1620 4109 alla
1687 4061 1886 4108 vostra
1952 4054 2225 4123 signoria,
2275 4053 2444 4123 quale
2499 4051 2608 4106 Dio
2674 4066 2736 4104 se
2796 4051 2991 4120 degne

733 4171 1005 4234 perpetuo
1055 4179 1410 4220 conservare.
1462 4162 1545 4217 Ex
1580 4162 1745 4217 Buda
1793 4162 1883 4215 die
1931 4159 1984 4216 X
2031 4159 2163 4214 Julii
2211 4157 2614 4218 MCCCCLVL

1175 4343 1263 4398 J0.
1316 4343 1623 4397 cardinalis
1962 4395 1971 4406 ,
2201 4394 2211 4404 ,

1304 4450 1363 4504 S.
1415 4450 1621 4519 Augen
1728 4397 2043 4465 apostolice
2092 4395 2248 4448 sedis
2304 4395 2525 4462 legatus
