3475 5200
1407 387 1798 442 —267—

489 605 889 684 vulneratuS,
915 605 998 668 de
1020 606 1211 669 cuius
1242 613 1461 669 tamen
1486 609 1698 670 salute
1728 608 1897 670 bene
1920 601 2230 688 speratur.
2250 608 2442 672 Tunc
2465 610 2733 674 demum

485 713 716 774 reverti
783 715 985 776 nostri
1043 721 1355 794 ceperunt
1402 714 1557 776 nihil
1603 715 1897 777 villarum
1943 715 2097 778 nihil
2142 715 2489 778 domorum
2536 716 2735 780 intac-

481 826 624 882 tum
670 821 1126 901 relinquentes,
1157 821 1382 883 omnia
1419 821 1586 884 ferro
1633 828 1698 883 et
1744 823 1893 902 igne
1911 830 2482 902 consumpserunt.
2535 825 2734 887 Aiunt

482 926 854 990 beatissime
886 936 1069 1007 pater
1108 929 1219 1008 qui
1267 929 1598 1009 regionem
1636 937 1962 992 noverunt
1998 930 2051 992 si
2086 936 2351 992 centum
2382 930 2733 995 miliaribus

483 1032 791 1097 Turciam
811 1051 1044 1098 versus
1064 1035 1418 1114 irruissent,
1445 1053 1576 1098 non
1603 1036 1897 1115 potuisse
1916 1035 2149 1099 Turcis
2168 1038 2468 1117 graviora
2492 1038 2736 1102 damna

485 1140 798 1205 intulisse.
849 1140 982 1205 Sed
1035 1142 1318 1223 Dragule
1385 1141 1831 1206 crudelitatem
1878 1161 2011 1206 non
2067 1144 2472 1224 pertransibo
2518 1163 2559 1207 a
2605 1164 2736 1224 qua

484 1250 602 1311 toti
669 1249 807 1312 orbi
873 1250 1255 1313 notissimus
1326 1257 1443 1312 est.
1514 1249 1684 1311 Nam
1752 1250 2056 1313 manibus
2121 1251 2261 1313 suis
2324 1253 2735 1315 membratim

486 1363 720 1437 captos
764 1356 1022 1420 Tur'cos
1069 1357 1367 1420 dividens
1413 1357 1499 1420 ad
1546 1358 1735 1437 palos
1783 1357 2027 1420 frustas
2072 1358 2335 1438 figebat,
2400 1359 2731 1438 inquiens:

487 1480 641 1525 cum
688 1464 810 1526 hec
858 1464 1056 1527 Turci
1101 1465 1440 1527 venientes
1472 1464 1770 1542 viderint,
1818 1465 2014 1526 territi
2044 1472 2228 1545 terga
2256 1464 2448 1528 nobis
2489 1464 2737 1529 dabunt

487 1575 552 1633 et
616 1571 894 1651 fugient3
962 1572 1069 1635 hic
1134 1580 1235 1635 est
1299 1573 1400 1635 ille
1449 1573 1558 1652 qui
1625 1573 1828 1634 silvas
1893 1574 2348 1653 impalatorum
2393 1573 2737 1636 hominum

489 1677 654 1740 fecit.
720 1681 1043 1742 Assemnt
1086 1680 1273 1760 primi
1321 1680 1520 1742 huius
1566 1679 1746 1758 regni
1792 1696 1947 1742 eum
1992 1680 2161 1741 ultra
2226 1688 2489 1743 centum
2547 1680 2739 1744 millia

488 1784 830 1848 hominum
897 1804 1049 1849 cum
1114 1786 1512 1850 waivodatui
1576 1785 2009 1867 Transalpino
2073 1796 2385 1867 preesset,
2447 1789 2612 1868 palis
2676 1797 2741 1852 et
2856 1831 2865 1836 -
2916 1829 2980 1838 ---

488 1892 630 1955 aliis
657 1893 977 1957 horrende
1011 1894 1236 1958 mortis
1269 1896 1599 1975 suppliciis
1631 1894 1970 1972 occidisse,
2020 1894 2108 1957 ob
2141 1911 2339 1973 quam
2373 1911 2510 1958 rem
2542 1897 2737 1959 maie·

488 2007 629 2063 stas
674 2002 849 2081 regia
895 2001 1110 2081 ipsum
1156 2002 1277 2064 XV
1323 2002 1516 2065 annis
1563 2001 1625 2064 in
1672 2001 1998 2065 artissimo
2047 2018 2305 2065 carcere
2345 2003 2569 2082 tenuit,
2622 2004 2740 2066 sed

493 2125 617 2170 nec
664 2109 749 2170 ibi
796 2109 1092 2172 ferritatis
1138 2110 1380 2172 oblitus
1411 2128 1634 2173 mures
1665 2109 1984 2190 capiebat,
2033 2116 2096 2171 et
2143 2110 2550 2173 membratim
2583 2110 2738 2173 divi-

490 2233 608 2279 sos
652 2218 871 2296 parvis
917 2217 1142 2296 ligneis
1190 2218 1541 2295 claviculis,
1589 2226 1783 2297 prout
1827 2218 2133 2300 homines
2164 2217 2328 2297 palis
2374 2218 2736 2295 consuevit,

491 2322 818 2403 affigebat.
866 2322 1168 2387 Tandem
1212 2341 1371 2388 vero
1436 2325 1749 2405 superiori
1809 2340 1986 2386 anno
2029 2324 2302 2386 liberum
2349 2323 2498 2386 fecit
2544 2331 2608 2387 et
2654 2323 2740 2387 ad

492 2431 970 2511 expeditionem
1039 2432 1103 2494 in
1171 2429 1430 2495 Turcos
1505 2431 1872 2509 destinavit,
1947 2431 2186 2511 quibus
2259 2431 2565 2510 singulari
2640 2438 2741 2494 est

492 2538 729 2602 terrori.
775 2538 974 2602 Addit
1017 2540 1328 2604 nunctius
1374 2539 1582 2617 iussu=
1609 2539 1810 2603 basse
1840 2538 2071 2602 Alibek
2106 2545 2326 2601 tenere
2356 2554 2431 2601 se
2458 2539 2523 2601 in
2557 2556 2742 2603 mon·

494 2646 672 2708 tibus
719 2647 932 2726 nigris.
981 2646 1203 2727 Ipsum
1248 2664 1407 2710 vero
1454 2654 1603 2728 post
1634 2647 1747 2709 ubi
1777 2647 2124 2710 subvenire
2155 2643 2415 2708 Sabocz
2455 2648 2743 2726 nequivit

496 2769 867 2832 regressum
914 2755 999 2818 ad
1046 2753 1528 2827 consulendum
1594 2771 1906 2818 cesarem.
1972 2752 2076 2816 Ex
2140 2753 2244 2817 his
2298 2755 2466 2816 clare
2522 2754 2742 2817 intelli-

494 2860 667 2939 gitur
696 2861 916 2938 quanti
949 2862 1209 2926 comodi
1240 2862 1529 2925 obtentio
1559 2860 1821 2925 Sabocz
1853 2878 2002 2924 esse
2034 2860 2164 2923 iam
2189 2861 2447 2940 ceperit,
2481 2878 2564 2924 ex
2612 2880 2743 2940 qua

492 2984 627 3029 non
675 2968 890 3032 solum
934 2969 1339 3032 incursiones
1371 2967 1740 3032 Turcorum
1775 2968 2092 3049 prohibite
2141 2975 2316 3045 sunt,
2365 2969 2481 3031 sed
2517 2977 2744 3033 contra

493 3091 611 3136 eos
684 3075 1087 3139 incursiones
1149 3083 1394 3158 parate,
1445 3082 1819 3156 quanteque
1890 3075 2175 3138 utilitatis
2247 3069 2652 3157 r[ei]p[ubli]
2666 3095 2742 3140 ce

496 3180 861 3245 Christiane
909 3184 991 3246 sit
1035 3184 1325 3262 allatura,
1384 3201 1536 3246 cum
1584 3201 1667 3247 ex
1713 3183 1821 3245 illo
1874 3184 2023 3246 loco
2073 3183 2380 3262 quicquid
2424 3184 2490 3245 in
2539 3201 2743 3264 regno

492 3287 714 3351 Bozne
761 3296 828 3352 et
871 3291 1096 3353 vicinis
1143 3291 1520 3371 regionibus
1565 3291 1829 3354 Turcus
1856 3292 2152 3372 possidet
2178 3291 2421 3354 turbari
2459 3292 2744 3355 maxime

492 3397 717 3476 possit.
764 3397 1010 3460 Verum
1042 3399 1236 3460 etiam
1285 3399 1840 3462 considerandum
1886 3405 2048 3480 puto
2081 3416 2279 3477 quam
2309 3398 2490 3479 gravi
2522 3399 2743 3461 animo

493 3502 619 3565 hec
663 3510 890 3567 turcus
937 3505 1019 3568 sit
1062 3507 1334 3584 laturuS,
1403 3512 1467 3569 et
1524 3524 1657 3587 quo
1703 3511 2023 3586 apparatu
2089 3506 2154 3569 in
2208 3505 2560 3568 vindictam
2623 3505 2744 3568 nisi

493 3609 551 3672 ei
600 3618 896 3689 potenter
951 3613 1287 3676 obviatum
1343 3613 1533 3676 fuerit
1579 3613 1903 3689 exiturus;
1953 3613 2128 3693 regia
2173 3613 2485 3676 maiestas
2531 3613 2744 3693 dispo-

493 3716 633 3780 sitis
679 3719 788 3798 qui
835 3717 1091 3783 Sabacz
1121 3720 1557 3798 rehedificent,
1606 3728 1670 3783 et
1715 3720 1927 3800 magis
1958 3738 2159 3800 quam
2205 3720 2385 3800 prius
2428 3721 2742 3798 muniant,

475 3824 738 3905 'quique
800 3833 1038 3906 pontes
1105 3845 1304 3908 super
1365 3824 1542 3890 Savo
1609 3837 1674 3891 et
1744 3827 2049 3890 Danubio
2097 3832 2519 3908 componant,
2592 3825 2745 3889 data

494 3932 752 4014 aliquali
816 3935 1234 4015 respiratione
1299 3935 1606 3998 militibus
1653 3935 1763 4014 qui
1811 3935 1937 3996 sub
1985 3932 2242 3997 Sabacz
2287 3934 2566 4010 fuerunt,
2614 3934 2755 3995 huc.

493 4041 908 4105 velocissime
940 4043 1268 4105 concessit
1296 4049 1602 4123 percepto
1626 4042 1808 4105 obitu
1834 4041 2116 4120 regentis
2149 4041 2457 4104 Castrum
2488 4038 2745 4103 Buden-

499 4165 664 4227 sem,
713 4149 778 4211 in
826 4150 1015 4213 cuius
1062 4168 1265 4213 manu
1312 4151 1528 4213 omnis
1582 4151 1802 4230 regius
1847 4148 2201 4211 thesaurus
2265 4154 2431 4223 erat3
2499 4147 2618 4210 sed
2682 4154 2748 4210 et

497 4256 945 4320 thesaurarius
977 4257 1074 4320 vir
1103 4274 1386 4338 magnus
1417 4265 1483 4320 et
1513 4264 1750 4339 potens
1798 4257 2105 4319 hesterno
2151 4255 2257 4318 die
2304 4272 2457 4318 curn
2504 4273 2747 4334 magna

496 4365 923 4444 exequiarum
968 4382 1214 4446 pompa
1261 4371 1324 4427 et
1370 4365 1621 4428 honore
1681 4365 2001 4445 presentie
2063 4364 2237 4445 regie
2276 4362 2583 4443 ‚sepultus
2628 4368 2747 4425 est.

497 4469 620 4534 His
669 4471 981 4535 ordinatis
1027 4479 1091 4534 et
1137 4473 1536 4553 quibusdam
1584 4472 1725 4536 aliis
1771 4472 2265 4535 occurrentibus
2322 4470 2598 4550 negotiis
2662 4470 2746 4531 ad

496 4580 1034 4660 prosequendum
1102 4599 1232 4659 que
1297 4581 1466 4660 cepit
1539 4580 1768 4660 paucis
1832 4586 1982 4660 post
2056 4574 2288 4641 diebus
2360 4576 2751 4640 convolabit.
