3475 5200
1417 344 1804 411 —3517-

480 562 659 637 tione
720 562 1125 643 prefatorum
1190 563 1606 626 dominorum
1673 565 2068 644 prelatorum
2136 572 2202 627 et
2267 566 2589 629 baronum
2653 585 2733 629 aa:

480 686 828 751 procerum
859 671 1208 734 nobiscum
1239 670 1676 748 existentium,
1723 670 2145 751 promisimus
2176 671 2388 735 eidem
2434 674 2498 736 in
2529 673 2729 737 verbo

481 784 709 841 nostro
755 778 953 857 regio,
1001 778 1180 858 quod
1237 784 1526 841 castrum
1571 776 1792 858 ipsum
1841 777 2061 857 Owar,
2127 779 2306 859 quod
2351 779 2565 843 eidem
2613 801 2729 861 pro

480 872 703 947 officio
749 885 1072 962 dedimus,
1139 887 1226 947 ab
1274 885 1529 967 eodem,
1594 885 1699 948 vel
1746 885 1893 964 ipso
1940 892 2201 949 mortuo
2267 889 2352 949 ab
2399 905 2605 950 uxore
2653 909 2729 949 aa:

479 993 753 1071 egregiis
784 973 1077 1082 Nicolao‚
1127 992 1431 1056 Ladislao
1482 999 1547 1055 et
1597 992 1896 1055 Gabriele
1944 993 2087 1057 filiis
2119 993 2278 1072 suiS‚
2327 1011 2729 1073 suorumque

479 1099 829 1162 heredibus
876 1096 1030 1180 nonf
1060 1099 1458 1178 auferemuS,
1506 1099 1718 1163 donec
1768 1107 1834 1162 et
1864 1116 2214 1180 quousque
2246 1102 2330 1164 de
2361 1105 2733 1181 prescriptis

477 1206 744 1270 duobus
790 1207 1050 1272 milibus
1095 1207 1359 1270 florenis
1411 1206 1643 1284 eidem,
1709 1208 1816 1269 vel
1871 1206 1927 1270 si
1971 1206 2190 1288 ipsum
2257 1210 2418 1271 mori
2486 1209 2729 1273 contin-

477 1321 659 1393 geret
704 1314 892 1377 uxori
949 1333 1029 1377 ac
1097 1313 1243 1401 filiis
1307 1296 1788 1395 heredibusque
1855 1315 2217 1377 eorundem
2263 1316 2529 1395 prefatis
2577 1337 2725 1381 curn

478 1421 759 1484 monetis
806 1421 1089 1484 similiter
1132 1421 1435 1510 antiquis,
1492 1423 1721 1500 quales
1769 1422 2009 1484 scilicet
2074 1421 2249 1485 idem
2295 1423 2486 1486 nobis
2533 1425 2725 1497 dedit,

475 1528 982 1608 satisfaciemuS,
1031 1529 1435 1609 eosdemque
1501 1535 1849 1592 contentos
1897 1529 2271 1607 reddemus,
2334 1529 2539 1592 immo
2585 1549 2725 1610 pro-

478 1635 797 1704 mittimus
842 1637 1078 1698 harum
1123 1642 1497 1700 nostrarum
1544 1653 1748 1699 manu
1814 1643 2038 1699 nostra
2092 1638 2268 1717 regia
2328 1640 2726 1717 subscripta-

476 1761 645 1821 rum,
691 1742 914 1823 vigore
980 1750 1045 1805 et
1097 1742 1471 1806 testimonio
1536 1743 1890 1808 litterarum
1956 1744 2304 1808 mediante.
2371 1743 2613 1809 Datum
2665 1745 2725 1805 in

475 1850 901 1931 possessione
947 1841 1102 1929 Erd,
1151 1850 1255 1913 die
1300 1850 1626 1914 dominico
1692 1852 1993 1931 proximo
2051 1858 2204 1931 post
2268 1852 2511 1915 festum
2557 1853 2725 1913 beati

478 1957 802 2025 Laurentii
865 1957 1161 2038 martiris,
1238 1976 1418 2021 anno
1488 1958 1733 2021 domini
1796 1957 2136 2022 millesimo
2205 1959 2725 2039 quingentesimo

474 2065 794 2145 vigesimo
841 2067 1070 2146 primo·

2805 1949 2905 2008 1521

2749 2033 2805 2061 ιιι
2813 2033 2857 2073 g.
2893 2021 2937 2061 11
2953 2053 2961 2061 ,

690 2207 1065 2272 Ludovicus
1109 2227 1222 2272 rex

473 2332 679 2377 manu
723 2316 980 2396 propria
1027 2317 1429 2397 subscripsit.

688 2527 909 2590 Eredeti,
947 2530 1111 2594 papir,
1150 2526 1289 2593 aljan
1324 2524 1675 2594 papirfiilzetfi
1711 2525 1980 2594 pecsettel.
2021 2527 2093 2579 M.·
2132 2525 2196 2578 Ο.
2237 2525 2298 2578 D.
2339 2524 2396 2578 L.
2436 2526 2629 2577 23521.
2649 2541 2721 2577 επ.

1441 2870 1744 2933 CDLXII.

1014 3120 1017 3124 ’
1102 3100 1341 3181 Edam,
1387 3101 1584 3168 1521.
1634 3107 1825 3185 περὶ.
1877 3100 1982 3165 13.

468 3263 529 3316 11.
568 3263 728 3329 Lajos
764 3262 930 3328 kiraly
976 3261 1185 3314 Bithori
1241 3261 1423 3314 Istvan
1477 3261 1753 3314 nadornak
1806 3263 2139 3328 meghagyja‚
2197 3263 2360 3328 hogy,
2416 3258 2613 3310 miutin
2653 3274 2713 3310 uz

469 3358 667 3426 erdelyi
702 3361 877 3427 vinda,
917 3360 1200 3427 Szapolyai
1237 3360 1401 3412 Jz'mos
1439 3359 1550 3411 mar
1586 3377 1619 3411 a
1653 3359 1924 3425 kirissyhoz
1979 3357 2227 3422 erkezett,
2285 3358 2513 3409 azonnal
2545 3362 2713 3422 jifijjffin

468 3474 501 3510 a
536 3458 721 3524 kiralyi
758 3460 1009 3521 udvarba,
1048 3460 1194 3524 hogy
1251 3475 1312 3508 az
1359 3457 1553 3523 orszag
1604 3457 1908 3509 hatfirainak
1963 3455 2359 3523 megvedesero'l
2406 3455 2713 3508 tenaci-,kns-

465 3557 747 3609 hassanak.
809 3555 1079 3608 Tdvollete
1134 3554 1327 3621 idejere
1390 3571 1657 3607 nevezzen
1719 3558 1772 3606 ki
1837 3557 2088 3608 alkalmas
2158 3556 2454 3621 helyettest,
2518 3558 2713 3618 esetieg

771 3652 995 3721 Drigffy
1031 3653 1196 3706 Janos
1232 3653 1649 3715 tarnokmestert,
1691 3656 1765 3704 kit
1801 3670 1833 3704 a
1870 3652 2036 3720 kiraly
2073 3652 2247 3705 hozza
2283 3654 2423 3705 kiild.

790 3853 1163 3916 Ludovicus
1211 3854 1314 3917 dei
1358 3854 1563 3933 gratia
1610 3870 1725 3915 rex

790 3959 1120 4040 Hungarie
1167 3968 1232 4023 et
1279 3960 1593 4023 Bohemie
1641 3967 1765 4023 ete.

681 4103 1067 4184 Spectabilis
1115 4113 1178 4168 et
1224 4105 1568 4184 magnifice
1625 4104 1836 4167 fidelis
1900 4104 2090 4167 nobis
2136 4109 2411 4184 syncere
2460 4102 2709 4165 dilecte*

463 4211 913 4274 intimavimus
959 4211 1146 4274 vobis
1195 4213 1297 4274 his
1344 4213 1790 4291 superioribus
1837 4211 2068 4274 diebus
2119 4209 2259 4274 fore
2293 4227 2589 4286 necesse,
2641 4222 2709 4270 ut

465 4320 686 4382 statim
732 4325 886 4399 post
931 4319 1288 4382 adventum
1337 4320 1546 4382 fidelis
1603 4320 1806 4382 nostri
1854 4318 2225 4398 spectabilis
2271 4325 2336 4380 et
2384 4318 2709 4397 magnifici

462 4426 781 4489 Johannis
806 4425 1061 4490 comitis
1085 4425 1545 4506 Scepusiensis
1569 4426 1896 4509 wa‘yvode
1928 4427 2128 4489 nostri
2152 4425 2709 4488 Transsilvanien-

464 4534 556 4597 sis
602 4534 687 4596 ad
735 4549 862 4596 nos
906 4534 1229 4612 veniretiS,
1290 4534 1653 4614 hortatique
1701 4552 1936 4597 sumus
1983 4533 2355 4596 fidelitatem
2402 4539 2709 4610 vestram,
