3475 5200
603 2755 718 2797 aug.
753 2745 789 2787 1.

595 3171 694 3214 okt.

723 3171 766 3217 6.

1725 347 2115 400 —176—

791 576 860 630 et
905 568 1131 630 vicinis
1186 576 1249 630 et
1306 569 1777 631 commetaneis
1832 567 2189 630 earundem
2247 567 2769 647 possessionum,
2820 567 3041 630 nobili·

797 677 1052 754 busque
1101 676 1755 755 comprovincialibus
1819 676 2140 738 dictorum
2203 676 2551 738 amborum
2616 673 3041 736 comitatuum

796 782 1045 846 eisdem
1092 784 1384 864 partibus
1430 783 1533 846 vel
1582 800 1808 846 earum
1855 783 2179 863 legittimis
2210 781 2739 861 procuratoribus
2784 799 3044 861 presen-

794 892 971 953 tibus
1034 891 1120 953 ad
1185 891 1382 953 fidem
1447 893 1807 954 eorundem
1872 892 2232 955 vicinorum
2297 898 2905 952 commetaneorum
2968 906 3045 951 ac

795 998 1109 1061 nobilium
1144 999 1761 1079 conprovincialium
1788 999 1914 1062 deo
1944 998 2249 1075 debitam,
2279 1005 2456 1060 tacto
2483 997 2806 1060 dominice
2841 997 3046 1059 crucis

795 1107 994 1190 ligno,
1040 1107 1373 1187 prestitam
1429 1107 1559 1169 hoc
1614 1113 1678 1168 et
1744 1107 1828 1182 id,
1878 1113 2097 1169 utrum
2164 1105 2659 1185 prenominatus
2712 1105 3046 1175 Johannes

796 1215 879 1277 de
927 1214 1182 1277 Chahol
1230 1232 1520 1278 unacum
1587 1215 1723 1277 aliis
1790 1214 2210 1277 familiaribus
2276 1214 2425 1275 dicti
2490 1212 2735 1278 domini
2791 1213 3045 1291 dezpoti

797 1330 1092 1401 tempore
1125 1323 1188 1384 in
1223 1322 1508 1403 predicto
1541 1340 1624 1388 ex
1656 1323 2122 1386 commissione
2156 1320 2450 1383 eiusdem
2500 1320 2743 1383 domini
2790 1319 3045 1399 dezpoti

797 1429 885 1491 ad
931 1430 1138 1492 dictas
1187 1429 1647 1509 possessiones
1694 1429 2125 1510 prenominati
2172 1427 2488 1508 Symonis
2526 1426 2726 1505 OrdO,
2774 1427 3042 1503 Derzen,

801 1536 1156 1617 Zerednye,
1224 1538 1480 1617 Ignecz,
1539 1537 1930 1614 Chamonia,
1990 1536 2324 1606 Dobroka,
2384 1533 2716 1615 Orlyawa,
2762 1533 3039 1613 Hodly0‚

802 1644 1162 1723 Monyoros
1221 1652 1283 1706 et
1338 1644 1777 1724 Lengelfalwa
1849 1645 2100 1706 vocatis
2159 1643 2447 1720 irruerit,
2481 1642 2850 1721 abindeque
2910 1642 3041 1702 uni·

804 1769 1029 1814 versas
1059 1751 1354 1832 pecudes·
1379 1759 1442 1814 et
1472 1769 1713 1832 pecora
1749 1769 1829 1814 ac
1858 1752 1985 1813 alia
2015 1751 2246 1831 quevis
2278 1749 2582 1812 animalia
2628 1749 3039 1828 iobagionum

800 1860 951 1922 dicti
999 1858 1309 1939 Symonis
1357 1861 1706 1922 simulcum
1754 1859 2062 1922 omnibus
2100 1860 2238 1921 aliis
2271 1858 2462 1920 bonis
2494 1864 2557 1920 et
2588 1858 2787 1919 rebus
2817 1873 3040 1918 eorun-

803 1968 951 2029 dem
1002 1966 1420 2045 iobagionum
1468 1967 1532 2028 in
1581 1966 1888 2029 domibus
1954 1966 2245 2047 ipsorum
2310 1965 2578 2045 repertis
2643 1972 2707 2026 et
2772 1962 3038 2026 inventis

801 2075 1063 2137 aufferri
1111 2083 1174 2137 et
1221 2074 1469 2154 depelli,
1540 2079 1602 2136 et
1649 2075 1827 2153 quod
1875 2081 2026 2154 post
2081 2072 2458 2137 huiusmodi
2524 2071 3043 2152 depredationem

803 2190 866 2243 et
914 2183 1307 2245 ablationem
1365 2183 1690 2244 bonorum
1758 2182 1937 2261 ipsas
2003 2182 2463 2261 possessiones
2516 2197 2630 2259 per
2672 2178 3045 2257 voraginem

805 2289 971 2370 ignis
1019 2291 1318 2352 conburri
1349 2296 1413 2353 et
1445 2289 1840 2352 concremari
1864 2289 2103 2366 fecerit,
2130 2306 2216 2349 an
2238 2305 2341 2358 ne,
2375 2287 2633 2362 scirent,
2666 2286 3050 2365 inquirerent

807 2399 1201 2460 certitudinis
1247 2398 1605 2474 veritatem,
1664 2404 1728 2459 et
1782 2405 1932 2476 post
1987 2396 2111 2458 hec
2166 2395 2371 2475 ipsius
2426 2393 2797 2457 communis
2853 2391 3049 2470 inqui-

809 2506 1057 2568 sitionis
1091 2506 1322 2567 seriem
1370 2502 1547 2581 (cum
1582 2504 1854 2584 propriis
1876 2502 1923 2580 ?)
1972 2510 2034 2564 et
2066 2502 2564 2582 possessionum
2610 2499 3051 2561 attestantium

810 2614 1182 2676 nominibus
1231 2620 1302 2674 ut
1355 2614 1544 2675 fuerit
1608 2611 1964 2690 expediens
2031 2612 2114 2673 ad
2179 2617 2451 2672 octavas
2515 2608 2846 2688 prescripti
2911 2606 3053 2669 festi

814 2721 980 2782 beati
1029 2720 1252 2782 Jacobi
1309 2720 1584 2800 apostoli
1639 2720 1944 2798 legittime
2001 2718 2448 2798 perdurandas
2504 2714 2771 2777 domino
2829 2721 3050 2776 nostro

811 2828 942 2909 regi
977 2828 1232 2889 rescribi
1267 2827 1745 2907 petivissemus,
1794 2845 1833 2888 a
1864 2826 2370 2905 quibusquidem
2418 2816 2669 2886 octavis
2708 2821 2853 2884 festi
2884 2821 3052 2883 beati

813 2935 1037 2998 Jacobi
1084 2935 1361 3014 apostoli
1409 2933 1731 2997 discussio
1788 2935 2255 3013 premissorum
2312 2940 2528 3012 partes
2584 2931 2746 2992 inter
2791 2930 3055 2991 easdem

815 3043 1108 3105 seriebus
1171 3043 1496 3105 literarum
1564 3050 1933 3104 nostrarum
1992 3040 2578 3121 procuratoriarum
2624 3038 2932 3100 ventilata
2972 3036 3057 3098 ad

815 3158 1152 3230 presentes
1184 3158 1455 3219 octavas
1494 3149 1638 3211 festi
1677 3150 1843 3211 beati
1873 3142 2207 3211 Michaelis
2239 3146 2607 3225 archangeli
2656 3145 3057 3224 prorogative

816 3259 1206 3320 devenisset.
1255 3257 1556 3319 Tandem
1606 3259 1761 3337 ipsis
1809 3258 2061 3319 octavis
2108 3255 2522 3329 instantibus,
2554 3252 2942 3314 Valentinus
2984 3251 3057 3311 de

817 3365 1023 3441 Cheb,
1090 3382 1206 3444 pro
1271 3366 1524 3445 prefato
1582 3362 1875 3444 Symone
1943 3365 2023 3426 de
2088 3364 2321 3425 Palocz
2390 3378 2544 3423 cum
2608 3358 3060 3439 procuratoriis

815 3473 1009 3535 literis
1056 3473 1289 3534 vestris
1337 3481 1635 3552 presente
1684 3472 2019 3534 Anthonio
2067 3472 2148 3533 de
2198 3469 2482 3545 Nabrad,
2515 3468 2624 3547 qui
2663 3485 2782 3548 pro
2812 3464 3059 3547 prefato

817 3580 1117 3643 Johanne
1166 3581 1246 3641 de
1296 3580 1569 3657 Chahol,
1619 3580 1900 3641 similiter
1932 3597 2083 3640 cum
2113 3576 2569 3658 procuratoriis
2614 3575 2807 3637 literis
2836 3572 3061 3635 vestris

819 3705 1042 3749 coram
1091 3688 1282 3750 nobis
1327 3690 1586 3751 astabat
1632 3688 1695 3748 in
1745 3694 2035 3771 nostram
2082 3685 2355 3748 veniens
2388 3682 2802 3763 presentiam,
2851 3680 3061 3743 literas

820 3802 1074 3856 vestras
1120 3812 1319 3874 super
1349 3795 1668 3873 premissa
1700 3794 2034 3856 communi
2067 3792 2479 3871 inquisitione
2518 3788 2848 3851 relatorias
2878 3786 3063 3848 nobis

821 3903 1234 3982 presentavit,
1269 3903 1332 3963 in
1365 3902 1604 3980 quibus
1636 3902 1790 3980 quia
1820 3902 2261 3980 quampluries
2308 3897 2499 3959 vicini
2542 3906 2606 3959 et
2638 3893 3065 3957 commetanei

822 4027 902 4072 ac
949 4010 1198 4072 nobiles
1247 4010 1803 4088 conprovinciales
1851 4008 1996 4070 dicti
2047 4008 2394 4070 comitatus
2441 4005 2524 4067 de
2571 4003 2845 4082 Beregh‚
2878 4000 3067 4063 literis

823 4118 887 4178 in
936 4118 1182 4179 eisdem
1231 4117 1614 4178 nominatim
1648 4116 1990 4194 conscripti
2026 4114 2086 4175 in
2120 4115 2261 4193 ipsa
2292 4113 2633 4175 communi·
2659 4108 3067 4189 inquisitione

826 4227 1060 4297 solum,
1109 4241 1225 4304 pro
1275 4233 1453 4303 parte
1501 4224 1725 4303 prefati
1776 4221 2086 4301 Symonis
2119 4222 2199 4282 de
2232 4222 2465 4283 Palocz
2513 4219 2735 4293 actori,
2786 4214 3067 4279 attestati

826 4334 1112 4395 extitisse
1159 4332 1661 4411 reperiebantur,
1695 4338 1758 4392 et
1786 4332 1872 4392 ob
1907 4331 2026 4391 hec
2060 4330 2241 4390 iuxta
2274 4329 2402 4389 vim
2437 4335 2502 4388 et
2534 4327 2812 4389 formam
2846 4325 3071 4385 huius·

829 4442 1001 4504 modi
1049 4440 1479 4502 attestationis
1527 4439 1883 4501 eorundem
1930 4439 2291 4501 vicinorum
2350 4447 2414 4497 et
2468 4440 3071 4496 commetaneorum

825 4568 902 4611 ac
973 4549 1280 4611 nobilium
1349 4547 1966 4626 conprovincialium
2034 4544 2283 4623 prefato
2351 4542 2623 4622 Symoni
2691 4541 2771 4601 de
2837 4538 3074 4599 Palocz

3184 0 3323 16 Ι-πτι-

3160 4920 3420 5170 „l
