3475 5200
1370 439 1721 493 -53-

425 660 798 725 donationis
867 661 1051 724 titulo
1118 661 1183 723 in
1250 666 1636 741 perpetuum
1702 658 2189 735 contulerimus,
2265 658 2671 737 velimusque

426 768 644 849 ipsum
708 769 772 832 in
831 768 1191 831 dominium
1257 768 1616 829 eorundem
1679 765 1957 845 legitime
2020 765 2233 829 facere
2298 765 2668 844 introducis,

425 876 710 939 fidelitati
763 876 953 956 igitur
1006 882 1219 939 vestre
1276 873 1539 936 firmiter
1583 873 1997 954 precipiendo
2045 873 2458 953 mandamuS,
2512 891 2670 952 qua-

424 992 618 1046 tenus
658 990 952 1046 vestrum
993 982 1257 1046 mittatis
1299 982 1632 1043 hominem
1679 998 1797 1061 pro
1837 981 2206 1044 testimonio
2246 981 2666 1061 fidedignum,

424 1108 558 1171 quo
625 1098 925 1169 presente
1001 1089 1345 1151 Ladizlaus
1413 1088 1584 1151 filius
1648 1088 1986 1150 Laurencii
2050 1087 2131 1151 de
2195 1088 2495 1169 thlpeS,
2564 1090 2669 1151 vel

423 1198 759 1261 Johannes
799 1205 914 1260 aut
958 1196 1268 1259 Nicolaus
1315 1195 1485 1257 filius
1527 1193 1851 1258 Laurentii
1888 1197 1970 1258 de
2010 1196 2263 1273 eadem,
2304 1196 2404 1259 sin
2444 1194 2667 1259 Ladis-

425 1306 569 1367 laus
617 1323 746 1386 ⁸seu
794 1304 1123 1385 Georgius
1168 1305 1249 1367 de
1300 1302 1755 1381 Domanhy'da,
1811 1303 1949 1365 aliis
1995 1304 2396 1382 absentibus,
2462 1304 2664 1367 homo

427 1386 649 1476 noster
702 1413 788 1475 ad
845 1413 1044 1475 facies
1107 1405 1538 1491 predictarum
1603 1410 1936 1473 civitatum
2001 1429 2081 1475 ac
2143 1412 2537 1474 minerarum
2599 1419 2664 1474 et

422 1520 951 1599 pertinentiarum
1008 1518 1386 1596 eorundem,
1444 1518 1668 1580 vicinis
1723 1525 1787 1579 et
1843 1519 2311 1582 commetaneis
2373 1520 2664 1599 ipsarum

424 1628 745 1689 universis
783 1627 933 1688 inibi
972 1623 1248 1705 legitime
1287 1627 1665 1691 convocatis
1705 1632 1770 1688 et
1818 1627 2228 1706 presentibus
2266 1625 2662 1705 accedendo,

424 1733 789 1796 introducat
820 1733 1143 1814 prefatum
1176 1732 1514 1795 dominum
1556 1734 1906 1813 despotum
1947 1734 2011 1796 in
2043 1734 2402 1797 dominium
2434 1752 2663 1797 earun-

423 1840 571 1903 dem
594 1847 968 1921 statuatque
988 1841 1257 1903 easdem
1277 1839 1487 1903 eidem
1510 1841 1819 1921 premisse
1845 1858 2016 1903 nove
2047 1848 2268 1904 nostre
2293 1842 2663 1905 donationis

421 1948 604 2010 titulo
624 1955 942 2028 perpetuo
958 1947 1413 2028 possidendas,
1437 1948 1490 2010 si
1515 1965 1647 2010 non
1670 1947 1858 2010 fuerit
1891 1949 2378 2011 contradictum.
2394 1949 2661 2012 Contra-

418 2055 701 2119 dictores
746 2073 903 2118 vero
950 2056 1003 2117 si
1051 2055 1159 2134 qui
1210 2054 1465 2132 fuerint,
1500 2062 1729 2118 evocet
1775 2058 1955 2136 ipsos
2005 2064 2228 2119 contra
2273 2063 2661 2120 annotatum

417 2163 764 2225 dominum
812 2164 1162 2243 despotum
1210 2164 1620 2241 palatinalem
1664 2164 1728 2225 in
1770 2164 2162 2243 presentiam
2193 2164 2278 2226 ad
2316 2165 2660 2227 terminum

419 2278 924 2350 competentem,
986 2270 1299 2334 rationem
1361 2269 1889 2333 contradictionis
1937 2271 2227 2351 ipsorum
2274 2271 2655 2335 reddituros.
2697 2351 2704 2363 Ι

421 2376 503 2440 Et
550 2384 703 2457 post
749 2378 871 2439 hec
918 2377 1293 2443 huiusmodi
1336 2378 1828 2441 introductionis
1884 2385 1947 2440 et
2002 2379 2371 2441 statutionis
2425 2379 2657 2442 seriem

416 2503 571 2548 cum
613 2486 987 2547 nominibus
1033 2487 1576 2550 contradictorum
1615 2492 1677 2548 et
1715 2493 2138 2549 evocatorum
2185 2486 2239 2550 si
2271 2486 2379 2565 qui
2426 2486 2660 2551 fuerint

417 2594 824 2673 terminoque
860 2595 1196 2674 assignato
1234 2594 1445 2658 eidem
1479 2595 1763 2676 palatino
1810 2612 1990 2658 more
2037 2595 2227 2657 solito
2271 2594 2655 2659 rescribatis,

418 2700 762 2764 Presentes
807 2710 1028 2764 autem
1076 2703 1279 2783 sigillo
1326 2711 1550 2766 nostro
1599 2703 1843 2780 maiori,
1890 2721 2023 2782 quo
2062 2709 2134 2765 ut
2174 2720 2288 2766 rex
2326 2703 2657 2784 Hungarie
2709 2690 2734 2711 ⁶

419 2810 679 2887 utimur,
729 2808 1005 2872 fecimus
1052 2811 1437 2890 consignari.
1490 2811 1731 2872 Datum
1780 2809 1963 2873 Bude
2000 2811 2064 2872 in
2109 2809 2277 2874 sesto
2323 2811 2655 2875 divisionis

414 2918 861 2995 apostolorum
918 2935 1092 2980 anno
1149 2918 1391 2981 domini
1447 2919 1787 2982 millesimo
1844 2919 2480 2998 quadringentesimo
2533 2938 2653 2982 un·-

416 3021 689 3086 decim0.

626 3184 672 3231 A
706 3182 887 3235 leleszi
924 3185 1258 3236 konventnek
1302 3186 1452 3235 1411.
1493 3186 1600 3235 okt.
1640 3187 1691 3237 4.
1731 3186 1839 3235 kelt
1874 3182 2180 3247 atiratfiban,
2219 3185 2418 3247 Lelesz,
2463 3187 2653 3239 Statut.

420 3268 475 3320 D.
513 3268 608 3322 No,
651 3272 771 3325 231.
810 3300 879 3308 —
919 3273 978 3326 V.
1017 3277 1067 3324 ὃ.
1108 3290 1139 3324 a
1176 3273 1352 3325 CXIII.
1391 3273 1613 3327 szfimot.

1455 3580 1610 3643 CXI.

1080 3809 1422 3893 Visegrdd,
1472 3813 1665 3874 1411.
1710 3826 1866 3894 aug.
1918 3815 1976 3874 1.

411 4011 693 4078 Zsigmond
730 4013 897 4080 kiraly
934 4014 1149 4080 Perenyi
1187 4016 1368 4065 Simon
1405 4013 1593 4075 flamm,
1632 4013 1898 4077 Petemek,
1937 4032 1968 4066 a
2004 4013 2284 4080 szekelyek
2327 4017 2439 4066 volt
2472 4014 2648 4081 ispan-

405 4101 577 4167 jz‘inak,
615 4102 865 4170 Zemplen
902 4102 961 4156 ἐς
1000 4105 1121 4170 Ung
1157 4101 1475 4170 varmegyek
1523 4102 1910 4170 soispanjanak,
1948 4122 1981 4155 a
2016 4107 2240 4157 tbrflkok
2294 4106 2425 4157 elien
2479 4101 2650 4156 vivott

410 4192 834 4257 kiizdelmekben,
890 4193 1034 4260 foleg
1088 4194 1247 4259 pedig
1283 4210 1314 4244 a
1351 4192 1469 4245 racz
1526 4194 1779 4244 teriileten
1834 4193 1992 4244 fekv6
2049 4192 2367 4245 Galambocz
2417 4191 2648 4244 varanak

409 4289 636 4335 ostroma
692 4282 752 4335 6³
814 4283 1252 4349 visszafoglaliisa
1305 4285 1453 4334 koriil
1508 4280 1786 4334 tanusitott
1837 4281 2102 4348 vitezsege
2159 4281 2448 4348 jutalmiiul,
2508 4284 2648 4348 mely

408 4374 707 4425 ostromban
745 4389 809 4425 az
845 4372 1077 4438 ellenseg
1113 4373 1330 4439 nyilatol
1363 4372 1502 4439 fejen
1560 4371 1815 4438 sulyosan
1851 4387 1972 4438 meg
2006 4375 2052 4425 is
2089 4373 2337 4436 sebesfflt,
2375 4388 2406 4423 a
2440 4369 2647 4423 hfitlen·

579 4461 744 4528 segbe
782 4467 915 4513 esett
953 4461 1212 4514 Debrdiek
1247 4461 1732 4528 abauj-viirmegyei
1769 4463 2016 4513 birtokait
2051 4460 2465 4529 adomanyozza.

614 4641 796 4708 Fejer:
834 4642 894 4695 c,
935 4644 995 4695 D.
1034 4639 1156 4702 xs5.
1202 4646 1316 4694 162.

2672 3004 2885 3071 ..EQ-

2698 3076 2785 3130 jt'll.
2818 3079 2884 3120 ιε.
