3475 5200
1744 350 2133 403 —3282-

818 585 881 633 et
926 570 1411 653 quadringentis
1459 571 1740 647 floreniS,
1776 570 1905 632 hoc
1950 576 2052 632 est
2096 569 2159 631 in
2206 574 2346 633 toto
2392 585 2510 649 pro
2557 568 2861 630 undecim
2909 569 3061 631 mili·

818 681 942 741 bue
987 677 1251 741 florenis
1297 678 1518 757 vigore
1564 679 1835 740 aliarum
1881 678 2233 740 litterarum
2281 684 2651 740 nostrarum
2715 675 3061 755 superinde

818 785 1260 849 confectarum
1324 785 1866 865 inscripseramus
1929 792 1997 847 et
2040 786 2733 866 impignoraveramus,
2816 791 3058 846 tamen.

818 897 966 973 quie
1031 910 1207 955 nunc
1252 895 1319 956 in
1367 899 1610 956 sortem
1675 892 2021 956 solutionis
2086 893 2315 955 sellarii
2380 891 2588 973 ipsius
2652 889 2912 971 Georgii
2980 891 3060 953 de

818 1001 1087 1083 Kanysa
1131 1000 1342 1063 eidem
1375 999 1623 1064 ratione
1651 1001 1799 1063 dicti
1831 1002 2113 1063 banatus
2144 999 2696 1062 Nandoralbensis
2725 1000 3060 1062 annuatim

817 1109 1150 1189 prevenire
1198 1108 1514 1187 debentis,
1572 1109 1787 1189 posita
1851 1126 2004 1170 cum
2070 1107 2304 1170 eodem
2370 1108 2601 1170 iterum
2664 1107 2862 1181 bona,
2913 1109 3060 1170 reali

814 1233 1097 1296 vereque
1128 1225 1189 1279 et
1224 1222 1399 1277 recta
1446 1216 1711 1294 ratione,
1743 1217 2031 1295 quinque
2079 1214 2337 1277 milibus
2368 1214 2632 1277 florenis
2663 1214 2804 1276 auri
2842 1214 3059 1276 denuo

818 1333 878 1389 et
926 1341 1008 1386 ex
1056 1341 1234 1386 novo
1280 1322 1607 1385 debitores
1654 1322 2114 1391 remansimus,
2162 1337 2245 1383 ex
2290 1321 2532 1401 quibus
2577 1321 2748 1383 dicto
2782 1319 3060 1400 Georgio

818 1433 894 1493 cle
946 1430 1214 1512 Kanysa
1259 1431 1394 1492 duo
1424 1431 1597 1493 milia
1641 1430 1926 1494 florenos
1976 1429 2217 1510 paratis
2263 1436 2328 1491 et
2373 1429 2729 1491 numeratis
2765 1428 2831 1490 in
2862 1445 3061 1509 pecu-

818 1541 938 1601 niie
982 1537 1284 1601 dedimus
1331 1544 1395 1600 et
1441 1538 1898 1617 persolvimuS,
1944 1537 2247 1599 residuos
2292 1552 2450 1599 vero
2498 1543 2658 1617 puta
2709 1535 2831 1600 tria
2892 1535 3062 1598 milia

818 1649 1099 1709 florenos
1145 1646 1231 1707 ad
1277 1646 1697 1726 prescriptam
1746 1646 2022 1725 priorem
2070 1660 2401 1706 summam
2448 1644 2753 1706 undecim
2816 1643 3061 1707 milium

818 1761 878 1817 et
946 1754 1564 1833 quadringentorum
1628 1754 2025 1815 florenorum
2095 1752 2234 1814 auri
2298 1752 2608 1814 duximus
2667 1750 3062 1814 adiiciendos

822 1869 886 1921 et
934 1860 1469 1940 euperaddendos
1525 1868 1590 1922 et
1655 1861 1868 1923 eidem
1934 1859 2218 1939 Georgio
2275 1877 2355 1922 ac
2417 1875 2736 1940 generose
2798 1858 3060 1921 domine

822 1969 1006 2030 Clare
1052 1967 1178 2030 filie
1226 1968 1508 2031 condam
1556 1968 1874 2031 Johannis
1922 1969 2004 2031 de
2061 1968 2327 2047 Rozgon
2393 1983 2692 2047 pronunc
2757 1966 3058 2042 consorti,

818 2097 894 2137 ee
942 2076 1245 2140 Ladislao
1291 2077 1424 2139 filio
1471 2076 1769 2138 eiusdem
1816 2076 2239 2157 ipsorumque
2294 2074 2642 2136 heredibus
2689 2080 2753 2135 et
2798 2072 3058 2153 posteri·

818 2185 1055 2249 tatibus
1120 2185 1440 2248 universis
1505 2183 1866 2265 predictum
1932 2191 2220 2245 castrum
2283 2180 2582 2244 'nostrum
2638 2179 2953 2260 Sempthe
2997 2181 3056 2242 in

820 2301 954 2353 tete
1001 2293 1130 2354 iam
1178 2310 1295 2372 pro
1343 2292 1863 2372 quattuordecim
1896 2291 2154 2353 milibus
2185 2297 2250 2352 et
2280 2288 2766 2369 quadringentis
2803 2289 3058 2352 florenis

818 2401 1322 2478 inscribendum,
1370 2401 1571 2463 immo
1603 2400 1945 2463 adiicimus
1992 2406 2056 2461 et
2103 2396 2604 2478 superaddimus
2657 2414 2738 2459 ac
2779 2396 3056 2460 inscribi·

818 2525 968 2569 mue
1033 2508 1431 2585 presentium
1497 2525 1611 2587 per
1674 2508 1966 2587 vigorem
2032 2504 2364 2581 talimodo,
2414 2510 2506 2581 ut,
2554 2504 2713 2567 dum
2779 2520 2904 2565 nos
2951 2511 3058 2565 aut

818 2617 1092 2679 heredes
1138 2623 1203 2678 et
1249 2633 1670 2679 successores
1726 2611 1926 2678 nostri
1994 2632 2182 2695 reges
2247 2613 2668 2693 prescriptam
2733 2629 3055 2674 summam

818 2723 1239 2802 pecuniarum
1305 2724 1435 2785 iam
1482 2722 1547 2785 in
1593 2730 1732 2786 toto
1778 2725 1864 2786 ad
1910 2720 2431 2802 quattuordecim
2495 2720 2669 2782 milia
2733 2725 2798 2782 et
2861 2720 3057 2800 quad·

818 2830 1147 2906 ringentos
1210 2832 1515 2908 ssorenOS,
1582 2837 1655 2892 ut
1714 2830 2051 2911 prefertur,
2126 2845 2199 2892 se
2268 2828 2747 2904 extendentem,
2813 2826 3058 2907 prefato

818 2938 1097 3017 Georgio
1145 2936 1225 2999 de
1274 2937 1565 3021 Kanysa,
1612 2941 1717 3000 vel
1765 2938 1910 3019 ipso
1955 2938 2271 3000 defuncto
2317 2936 2486 2998 dicte
2550 2935 2815 2997 domine
2880 2934 3058 2997 Clare

818 3046 1098 3109 consorti
1144 3064 1266 3110 sue
1311 3054 1427 3108 aut
1475 3047 1779 3109 Ladislao
1825 3046 1955 3109 filio
2003 3045 2300 3108 eiusdem
2345 3046 2448 3106 vel
2480 3045 2773 3124 ipsorum
2820 3041 3059 3105 heredi·

818 3154 942 3214 bue
990 3161 1055 3216 et
1099 3154 1584 3234 posteritatibus
1631 3155 2004 3231 reddemuS,
2051 3155 2467 3216 restituemus
2514 3159 2579 3214 et
2614 3150 3062 3230 persolvemus

818 3270 930 3322 eut
977 3261 1171 3324 iidem
1218 3263 1491 3324 heredes
1540 3270 1605 3325 et
1651 3279 2077 3326 successores
2125 3261 2325 3323 nostri
2373 3263 2765 3339 persolvent,
2823 3264 3063 3319 extunc

818 3370 1005 3430 iidem
1073 3367 1397 3449 Georgius
1443 3369 1525 3431 de
1573 3369 1846 3450 Kanysa
1910 3370 2124 3431 banus
2169 3375 2284 3429 aut
2330 3366 2501 3429 dicta
2547 3365 2816 3428 domina
2875 3363 3064 3425 Clara

818 3493 1089 3538 censore
1134 3477 1239 3538 vel
1285 3476 1628 3538 Ladislaus
1676 3477 1846 3539 filius
1892 3476 2384 3554 eorundemque
2431 3472 2707 3536 heredes
2756 3471 3065 3551 prescrip·

818 3590 958 3642 tum
1005 3590 1293 3646 castrum
1340 3582 1654 3664 Sempthe
1702 3602 1855 3647 cum
1920 3583 2222 3664 predictis
2288 3581 2607 3644 universis
2671 3579 3067 3661 pertinentiis

818 3690 1111 3752 eiusdem
1159 3691 1349 3753 nobis
1396 3698 1510 3753 aut
1542 3691 1788 3753 eisdem
1823 3691 2060 3753 nostris
2092 3689 2441 3751 heredibus
2473 3695 2537 3750 et
2567 3686 3067 3750 successoribus

818 3798 1133 3862 remittere
1178 3798 1432 3878 absque
1479 3798 1656 3861 omni
1705 3798 2084 3860 difficultate
2131 3803 2196 3858 et
2240 3794 2625 3876 allegatione
2671 3792 2958 3857 debeant
3005 3801 3064 3854 et

818 3915 1179 3985 teneantur,
1221 3912 1754 3986 assumpmentes
1800 3904 2260 3968 nichilominus
2306 3902 2796 3985 prenominatos
2864 3898 3064 3963 Geor-

818 4018 994 4094 gium
1042 4013 1126 4076 de
1175 4012 1445 4095 Kanysa
1500 4013 1870 4092 dictamque
1919 4011 2256 4076 dominam
2313 4017 2687 4074 consortem
2733 4014 2800 4071 et
2844 4006 3066 4070 Ladis-

814 4126 992 4186 leum
1026 4122 1230 4184 filium
1271 4119 1695 4201 ipsorumque
1733 4120 2012 4183 heredes
2059 4127 2124 4182 et
2164 4119 2572 4201 posteritates
2603 4116 2768 4179 infra
2799 4123 3064 4196 tempus

814 4228 1276 4309 redemptionis
1308 4229 1603 4291 eiusdem
1633 4228 1826 4290 castri
1860 4234 1925 4289 et
1954 4245 2226 4289 suarum
2265 4223 2794 4307 pertinentiarum
2837 4229 3065 4286 contra

818 4337 1138 4414 queslibet
1204 4336 1553 4416 legittimos
1622 4343 1685 4398 et
1757 4335 2125 4397 causidicos
2196 4334 2594 4413 impetitores
2669 4337 2734 4393 et
2809 4338 3066 4393 actores

814 4448 1136 4522 quantum
1182 4443 1266 4505 ad
1315 4445 1487 4507 hanc
1518 4443 1940 4524 prescriptam
1975 4443 2401 4523 pecuniarum
2434 4455 2766 4502 summam
2793 4438 2860 4500 in
2896 4436 3067 4518 paci-

814 4554 942 4614 fiee
990 4561 1053 4613 et
1100 4552 1250 4614 reali
1298 4551 1589 4614 dominio
1637 4551 1931 4614 eiusdem
1979 4550 2170 4613 castri
2219 4555 2282 4611 et
2326 4564 2599 4610 suarum
2656 4544 3068 4627 pertinentia-
