3475 5200
1353 350 1743 403 -239—

424 572 465 633 li
512 571 657 632 vien
703 570 1023 649 guardato
1053 569 1181 631 ale
1209 587 1409 631 mano
1458 577 1520 631 et
1566 587 1640 631 se
1686 572 1748 631 la
1793 570 1969 650 regia
2016 567 2269 631 maesta
2309 568 2349 629 li
2391 568 2670 630 havesse

424 679 580 741 dato
641 678 893 739 licentia
957 676 1225 739 omnino
1273 678 1506 739 voleva
1551 679 1818 758 partirse
1884 677 1964 738 de
2032 683 2265 756 questa
2310 684 2505 737 corte.
2575 675 2671 737 De

428 786 642 864 quello
690 782 1046 846 succedera
1092 802 1176 845 ne
1224 782 1363 845 faro
1410 785 1471 844 la
1518 783 1796 846 serenita
1827 790 2050 845 vostra
2096 783 2409 844 advisata.
2465 781 2671 843 Cuius

416 892 629 972 gratie
677 899 795 953 etc,
842 891 1025 952 Bude
1071 891 1279 970 primo
1329 893 1609 970 Augusti
1667 892 1853 953 1458.
2747 869 2851 933 ²5⁵³

2703 933 2819 993 {ugr
2847 941 2883 985 1.

1691 1054 1993 1115 servulus
2040 1051 2267 1114 Petrus
2312 1050 2669 1112 Thomasii.

644 1210 857 1260 Milan&
897 1198 956 1261 Ᾱ.
998 1210 1053 1262 L.
1094 1211 1147 1262 Ρ.
1189 1210 1244 1261 Ε.
1286 1207 1611 1275 U(ngheria).

1336 1516 1788 1579 CCCXXVIII.

1148 1730 1364 1808 Buda,
1414 1729 1605 1792 1458.
1653 1744 1810 1811 aug.
1862 1729 1969 1793 13.

430 1926 688 1976 Thomasi
747 1925 897 1975 Peter
960 1922 1370 1987 kiivetjelentese
1437 1924 1691 1988 Pasquale
1759 1924 2030 1989 Malipiero
2093 1925 2355 1973 velenezei
2420 1926 2678 1989 dogehoz.

908 2011 1115 2078 Matyzis
1155 2011 1319 2077 kiraly
1366 2011 1423 2062 es
1464 2012 1692 2078 Szilagyi
1732 2011 1947 2077 Mihiny,
1986 2013 2215 2063 Szcrbia.

653 2195 1075 2258 Serenissime
1140 2197 1440 2274 princeps
1506 2203 1624 2257 etc,
1697 2195 1795 2255 Da
1844 2196 1949 2274 poi
1997 2196 2118 2256 che
2167 2195 2268 2256 adi
2328 2196 2533 2275 primo
2583 2198 2683 2257 del
2723 2213 2895 2261 aum*

433 2306 715 2366 instante
781 2303 997 2365 scrissi
1062 2321 1102 2363 a
1165 2303 1226 2363 13
1285 2311 1505 2363 vostra
1552 2302 1831 2363 serenita
1896 2312 1960 2363 et
2024 2304 2080 2363 le
2148 2305 2366 2365 lettere
2425 2321 2465 2364 a
2524 2304 2684 2364 frate

433 2411 720 2490 Georgio
768 2412 852 2471 da
902 2409 1186 2470 Sibinico
1235 2410 1316 2470 de
1364 2409 1588 2471 ordine
1636 2409 1716 2470 de
1774 2407 1930 2469 Sam
1983 2410 2349 2471 Francesco
2398 2420 2461 2472 et
2509 2411 2685 2472 nien-

437 2526 698 2579 temeno
731 2517 812 2577 ad
849 2518 1190 2577 cautellam
1224 2516 1523 2594 replicate
1557 2535 1596 2576 a
1624 2527 1852 2595 queste
1888 2517 2080 2577 etiam
2130 2518 2384 2596 alligate
2420 2520 2683 2579 mandO.

439 2626 587 2687 Non
637 2628 723 2686 ho
779 2625 1015 2702 scripto
1081 2643 1121 2684 a
1184 2626 1246 2685 la
1311 2624 1687 2686 celsitudine
1734 2634 1955 2685 vostra
2023 2643 2136 2704 per
2183 2627 2382 2686 haver
2426 2626 2686 2704 giaeuto

437 2753 481 2794 a
526 2734 587 2793 la
635 2732 946 2793 continua
994 2734 1055 2792 in
1103 2734 1269 2793 lecto
1318 2739 1379 2792 et
1424 2734 1629 2793 'molto
1677 2733 1947 2793 alterato
1995 2733 2075 2793 de
2125 2733 2320 2794 febre.
2372 2734 2481 2794 Ma
2528 2733 2686 2793 hora

442 2841 723 2902 essendo
772 2857 896 2918 pur
943 2840 1321 2918 megliorato
1371 2839 1457 2899 ho
1507 2839 1839 2900 instituido
1893 2841 2131 2901 scriver
2179 2850 2429 2918 queste,
2499 2848 2560 2901 et
2609 2841 2686 2900 de

441 2946 707 3026 quando
741 2963 1005 3008 occorre
1031 2945 1129 3007 far
1161 2947 1506 3008 mentione.
1544 2945 1714 3008 Dissi
1759 2963 1872 3024 per
1903 2948 2058 3008 altre
2089 2947 2215 3008 mie
2248 2966 2289 3006 a
2321 2949 2382 3007 la
2411 2947 2686 3026 signoria

443 3062 663 3116 vostra
727 3055 806 3115 de
872 3055 932 3113 13
998 3053 1320 3114 discordia
1367 3052 1401 3113 3
1452 3052 1549 3113 fra
1595 3060 1831 3131 questo
1890 3071 1955 3114 re
2004 3055 2084 3114 de
2134 3054 2473 3132 Hungaria
2519 3063 2583 3115 et
2630 3056 2691 3114 lo

443 3162 683 3222 illustre
712 3160 1140 3238 governador,
1190 3169 1253 3220 et
1300 3177 1487 3220 come
1520 3161 1583 3220 13
1614 3160 1864 3238 prefata
1896 3161 2069 3239 regia
2118 3160 2370 3223 maesta
2402 3162 2686 3223 ultimate

442 3269 527 3348 gli
573 3269 786 3328 havea
851 3268 1161 3328 mandato
1209 3269 1267 3327 el
1312 3284 1602 3328 vescovo
1661 3269 1741 3328 de
1790 3268 2142 3343 Varadino,
2193 3269 2276 3329 da
2324 3270 2430 3347 poi
2478 3269 2583 3330 adi
2634 3268 2686 3330 V
2735 3282 2903 3334 aug-5-

445 3375 685 3437 ritorno
734 3392 867 3437 non
917 3393 1068 3435 cum
1101 3377 1262 3436 altra
1294 3376 1735 3450 conclusione,
1787 3378 1971 3437 salvo
2005 3378 2148 3438 chel
2191 3376 2440 3456 prefato
2474 3379 2695 3456 signor

446 3483 729 3544 dovesse
796 3483 1147 3544 conferirse
1196 3483 1279 3543 ad
1326 3483 1642 3544 abocarse
1700 3501 1851 3544 cum
1900 3485 2151 3564 prefato
2199 3485 2424 3563 signor
2469 3503 2690 3564 gover-

447 3590 672 3667 nador‚
722 3591 912 3668 quale
960 3608 1032 3650 se
1079 3598 1306 3651 atrova
1353 3608 1502 3651 cum
1553 3591 1633 3668 gli
1682 3592 2014 3653 adherenti
2063 3591 2160 3653 soi
2210 3593 2272 3652 in
2321 3593 2471 3654 certi
2506 3593 2691 3672 vilagi

448 3716 488 3759 a
536 3698 751 3775 miglia
798 3704 949 3758 octo
1016 3698 1288 3775 hungari
1356 3715 1628 3776 apresso
1675 3716 1715 3758 3
1765 3700 1894 3775 qui,
1963 3705 2025 3760 et
2073 3701 2272 3760 molto
2339 3699 2550 3779 grossi
2617 3700 2695 3760 de

447 3812 635 3867 zente
702 3811 764 3865 et
828 3804 1005 3866 cussi
1056 3804 1304 3883 prefato
1354 3823 1440 3881 re,
1509 3806 1572 3866 13
1638 3807 1858 3866 madre
1909 3815 1972 3867 et
2017 3808 2160 3868 tutti
2209 3806 2400 3886 quelli
2457 3807 2692 3885 signori

450 3911 676 3991 prefati
712 3912 935 3973 baroni
969 3921 1032 3975 et
1063 3913 1519 3975 zentilhomeni
1569 3914 1869 3992 regnicoli
1903 3915 2026 3976 che
2057 3915 2163 3992 qui
2198 3933 2270 3977 se
2296 3922 2695 3976 atrovavano

452 4036 601 4081 cum
648 4026 792 4080 tuto
840 4020 898 4081 el
945 4028 1117 4081 resto
1167 4021 1245 4081 de
1293 4022 1354 4080 la
1402 4028 1577 4082 corte
1626 4022 1881 4082 nemine
1949 4031 2225 4102 excepto
2279 4022 2382 4083 adi
2433 4022 2568 4082 VIII
2617 4023 2695 4083 de
2739 4038 2911 4094 nuga

447 4128 562 4205 qui
627 4144 700 4188 se
770 4128 1020 4206 partino
1084 4145 1277 4189 verso
1353 4128 1601 4208 prefato
1677 4131 2106 4207 governador,
2186 4139 2249 4191 et
2325 4130 2574 4191 benche
2639 4131 2695 4191 13

442 4234 757 4296 «(111113ι1ε13
789 4235 894 4296 (131
940 4235 1189 4315 prefato
1236 4236 1646 4313 governador
1686 4239 2047 4298 monstrino
2086 4256 2266 4299 esser
2304 4241 2504 4300 molto
2539 4238 2699 4299 diffi-

454 4342 588 4417 cile,
637 4348 857 4404 tamen
907 4349 1118 4404 attesa
1163 4350 1395 4421 questa
1442 4343 1682 4404 andata
1716 4345 1817 4404 (131
1852 4345 2100 4423 prefato
2134 4364 2199 4407 re
2235 4347 2315 4407 de
2349 4346 2699 4426 Hungaria.

454 4465 755 4528 sperasse
787 4449 1153 4512 rimaranno
1201 4450 1260 4511 d’
1312 4452 1583 4527 acordo;
1634 4452 2048 4513 nihilominus
2092 4454 2172 4514 de
2215 4455 2429 4532 quello
2479 4473 2699 4517 succe-

445 4556 608 4617 (1313
656 4575 738 4618 113
784 4557 925 4620 faro
971 4560 1033 4619 13
1081 4560 1362 4638 signoria
1409 4567 1634 4622 vostra
1682 4569 1874 4620 certa.
