3475 5200
1334 379 1726 432 —159—

405 632 633 678 verum
699 616 918 696 potius
982 616 1175 679 etiam
1231 633 1348 697 pro
1414 595 1700 700 quolibdet'
1766 635 1901 679 uno
1965 619 2145 698 pullo
2211 619 2412 682 nostri
2477 619 2657 700 regni

406 730 602 803 caput
645 723 843 786 unius
888 724 1172 786 hominis
1218 723 1397 804 quod
1442 724 1655 786 carnis
1701 724 1916 787 existit
1969 725 2209 789 habere
2268 726 2654 789 valebimus.

406 827 728 910 Scriptum
776 830 841 892 in
889 827 1243 894 Zenderew
1299 832 1456 893 feria
1501 831 1576 893 3·
1639 832 1936 912 proxima
1990 841 2141 896 ante
2197 834 2440 896 festum
2486 798 2890 927 beatiffssf-{off

407 937 663 1017 Georgii
709 937 983 1001 martiris
1028 956 1205 1001 anno
1252 940 1497 1001 domini
1544 947 1662 1002 etc.
1711 940 1861 1002 L¹¹¹⁰.

616 1051 822 1117 Kivul
840 1075 861 1113 .·
915 1054 1195 1135 Egregio
1240 1055 1379 1118 viro
1425 1055 1705 1118 Johanni
1759 1056 2067 1120 Lewkws
2112 1057 2285 1120 dicto
2332 1056 2416 1120 de
2464 1053 2652 1119 Kallo

403 1163 594 1225 nobis
639 1170 819 1243 grate
866 1162 1099 1225 dilecto
1146 1170 1269 1225 etc.

615 1292 839 1356 Eredeti,
877 1295 1043 1358 papir,
1081 1292 1311 1345 zarlatan
1350 1293 1452 1358 ket,
1491 1297 1653 1347 votos
1691 1296 1911 1346 viaszba
1940 1300 2185 1362 nyomott
2206 1294 2390 1363 pecse't
2414 1296 2651 1363 nyomai·

406 1383 505 1434 val.
543 1383 614 1433 M.
655 1382 716 1434 N.
755 1381 828 1434 M.
869 1381 1055 1449 Kallay
1093 1400 1168 1436 es,
1208 1384 1262 1437 lt.

1356 1567 1698 1631 CCXXIX.

1084 1727 1400 1808 Szendr6,
1448 1726 1642 1792 1450.
1689 1725 1858 1809 mdj.
1904 1725 1970 1790 9.

403 1859 555 1910 Garai
594 1857 783 1911 Laszlo
820 1858 989 1912 uador
1025 1858 1505 1928 bizonysaglevele,
1531 1861 1679 1927 hogy
1703 1861 2029 1912 Brankovics
2067 1860 2286 1926 Gyorgy
2323 1858 2653 1925 Riczorszag

400 1947 459 2000 es
511 1946 733 2000 Albania
786 1948 1095 2016 deszpotaja
1140 1966 1172 2001 a
1217 1965 1373 2016 maga
1419 1949 1479 2002 es
1523 1947 1957 2001 hozzatartozoi:
2004 1947 2252 2015 felesege,
2291 1951 2437 2001 nona
2474 1966 2501 2000 s
2548 1951 2652 2014 fiai,

401 2037 641 2103 Gergely‚
696 2036 875 2090 Istvan
930 2037 990 2091 es
1047 2038 1210 2093 Lam
1266 2039 1508 2093 neveben
1562 2037 1991 2106 magyarorszzigi
2047 2041 2328 2092 birtokait:
2392 2038 2650 2090 Munkacs

400 2125 560 2190 vitat,
605 2126 972 2195 Nagybanyfit,
1020 2127 1487 2194 Szatmarnemetit,
1533 2129 1879 2193 Debreczent,
1928 2128 2313 2194 Boszormenyt
2357 2128 2417 2180 e's
2464 2128 2649 2195 Dedin,

401 2218 643 2283 Hunyadi
702 2217 973 2271 Janosnak
1018 2236 1046 2272 s
1093 2221 1317 2272 flainak:
1375 2218 1673 2272 Laszlonak
1716 2216 1778 2271 fis
1831 2216 2145 2284 Matydsnak
2206 2219 2433 2285 155,000
2486 2234 2651 2286 arany

1162 2308 1401 2362 forinte'rt
1437 2304 1879 2375 elzalogositotta.

609 2427 752 2491 Nos
807 2428 1148 2492 Ladislaus
1202 2429 1285 2492 de
1342 2428 1516 2491 Gara
1572 2431 1753 2509 regni
1808 2429 2142 2509 Hungarie
2205 2430 2530 2517 palatinus
2586 2437 2650 2492 et

400 2535 594 2599 iudex
649 2534 1097 2600 Cumanorum
1161 2537 1608 2618 significamus
1663 2544 1888 2601 tenore
1943 2537 2340 2618 presentium
2407 2537 2646 2618 quibus

399 2643 657 2723 expedit
693 2645 1033 2721 universiS,
1073 2644 1252 2724 quod
1298 2645 1557 2708 illustris
1604 2646 1914 2708 dominus
1961 2645 2284 2725 Georgius
2329 2645 2648 2726 despotus

399 2750 626 2814 Rascie
672 2759 738 2814 et
781 2751 1054 2814 Albanie
1111 2751 1440 2830 dominu5‚
1497 2752 1650 2815 item
1712 2752 1981 2815 domina
2034 2751 2233 2815 Erina
2278 2753 2645 2829 contoralis,

398 2875 655 2921 necnon
719 2858 1094 2938 GregoriuS‚
1161 2857 1539 2939 Stephanus
1602 2868 1668 2922 et
1731 2859 2020 2922 Lazarus
2083 2860 2190 2923 filii
2257 2860 2356 2923 sui
2424 2877 2646 2923 coram

399 2966 587 3028 nobis
643 2967 1063 3046 personaliter
1126 2967 1454 3029 constituti
1519 2968 1785 3030 oraculo
1849 2967 2182 3030 vivevocis
2237 2985 2357 3030 sue
2412 2976 2645 3048 sponte

397 3072 680 3136 confessi
723 3082 876 3136 sunt
905 3073 970 3135 in
1002 3073 1476 3152 huncmodum‚
1509 3075 1687 3153 quod
1721 3093 1875 3136 cum
1907 3074 2296 3154 magnificus
2338 3073 2645 3138 dominus

396 3178 730 3244 Johannes
784 3179 868 3243 de
925 3180 1232 3261 Hwnyad
1290 3182 1467 3262 regni
1523 3180 1857 3261 Hungarie
1911 3182 2307 3261 gubernator
2359 3198 2400 3241 a
2456 3182 2645 3245 certis

398 3289 726 3351 retroactis
771 3288 1174 3368 temporibus
1229 3306 1441 3368 usque
1487 3288 1554 3350 in
1601 3296 1969 3369 presentem
2016 3288 2187 3350 diem
2236 3295 2446 3350 certas
2492 3305 2642 3368 pos·

398 3396 727 3458 sessiones
800 3396 1090 3476 ipsorum
1156 3404 1219 3458 et
1284 3396 1460 3458 bona
1524 3396 1930 3475 infrascripta
1991 3394 2287 3458 videlicet
2355 3402 2642 3457 castrum

395 3501 747 3564 Mwnkach
822 3510 1131 3565 vocaturn
1197 3503 1260 3565 in
1328 3503 1638 3565 comitatu
1702 3503 1784 3565 de
1859 3502 2066 3582 Bereg
2127 3502 2424 3565 habitum
2490 3520 2642 3564 cum

391 3610 703 3671 omnibus
749 3609 888 3672 suis
926 3609 1341 3689 pertinentiiS,
1375 3609 1525 3672 item
1575 3610 1771 3690 opida
1810 3607 2453 3687 Rivulidominarum,
2498 3626 2641 3671 nec·

398 3733 529 3778 non
593 3716 900 3778 Zathmar
954 3724 1019 3778 et
1071 3716 1399 3796 Nemethy
1457 3718 1521 3778 in
1576 3716 2047 3780 Zathmariensi
2111 3734 2191 3777 ac
2257 3716 2639 3789 Debrechen

397 3830 774 3903 nuncupata
811 3825 876 3886 in
915 3823 1271 3887 Bihoriensi
1312 3824 1728 3887 comitatibus
1775 3825 2014 3887 situata
2051 3823 2400 3886 simulcum
2442 3825 2638 3886 urbu-

396 3930 480 3992 ris
535 3930 600 3991 in
655 3931 1051 4010 pertinentiis
1105 3931 1254 3993 dicti
1312 3930 1485 4011 opidi
1542 3930 2163 3994 Rivulidominarum
2209 3931 2639 3995 existentibus

396 4054 652 4100 necnon
676 4014 984 4101 omnibus
1016 4046 1079 4101 et
1110 4038 1382 4118 singulis
1415 4039 1704 4119 ipsorum
1737 4038 2116 4101 utilitatibus
2148 4045 2212 4101 et
2241 4038 2639 4118 pertinentiis

395 4144 801 4223 quibuslibet,
850 4145 1091 4208 scilicet
1137 4147 1593 4225 possessiones
1639 4145 1994 4209 Bezermen
2033 4153 2097 4208 et
2137 4144 2324 4207 Dada
2368 4153 2639 4209 vocatas

395 4251 456 4313 in
519 4252 831 4315 comitatu
888 4252 968 4315 de
1032 4253 1364 4315 Zabowch
1435 4253 1712 4329 habitaS,
1762 4254 2044 4316 similiter
2111 4271 2266 4316 cum
2330 4253 2637 4316 omnibus

397 4375 617 4422 earum
673 4360 1049 4423 utilitatibus
1106 4368 1170 4423 et
1227 4360 1621 4439 pertinentiis
1685 4360 1921 4438 quovis
1985 4360 2267 4422 nominis
2310 4361 2637 4424 vocabulo

396 4466 709 4545 vocitatis,
740 4467 985 4530 ratione
1026 4474 1349 4530 certorum
1392 4467 1757 4530 debitorum
1786 4484 1902 4547 per
1931 4466 2112 4547 ipsos
2140 4467 2320 4547 apud
2351 4467 2635 4531 eundem

395 4572 729 4636 dominum
775 4575 1112 4637 dominum
1158 4575 1527 4637 Johannem
1583 4576 2086 4654 gubernatorem
2153 4580 2632 4638 contractorum
