3475 5200
1713 362 2109 415 -266-

792 581 1239 661 perstringam.
1291 579 1460 643 Cum
1504 581 1958 660 pervenissent
2002 583 2123 663 ipsi
2167 584 2373 647 duces
2406 601 2559 646 cum
2592 584 2878 648 exercitu
2912 603 3035 648 suo

788 705 990 769 prope
1036 688 1274 750 dictam
1323 688 1644 750 civitatem
1693 689 1847 751 nihil
1884 690 2177 753 villarum
2224 699 2338 753 aut
2385 690 2774 770 oppidorum
2819 692 2885 754 in
2933 693 3038 754 via

788 801 1124 858 vastantes
1173 802 1504 874 noctuque
1551 795 1906 858 habitatam
1971 793 2205 860 terram
2261 816 2379 878 per
2423 805 2684 862 montes
2730 805 2795 860 et
2839 800 3036 862 silvas

792 909 1225 981 transeuntes,
1273 902 1570 983 premissi
1618 910 1773 964 sunt
1819 904 2288 984 quinquaginta
2333 913 2397 967 et
2459 911 2723 968 centurn
2785 907 3037 985 equites

788 1011 901 1077 viri
958 1010 1185 1073 delecti
1249 1010 1314 1071 in
1380 1009 1605 1072 habitu
1649 1008 2067 1095 Turchorum
2116 1013 2226 1092 qui
2294 1013 2482 1075 iussu
2549 1011 2794 1074 ducum
2838 1015 3035 1093 paulo

796 1126 943 1185 ante
991 1118 1347 1180 diluculum
1413 1117 1729 1179 exteriora
1775 1117 2048 1180 civitatis
2112 1118 2427 1182 suburbia
2477 1119 2630 1182 nihil
2675 1119 3039 1183 hostilitatis

796 1229 1185 1291 intentantes
1223 1223 1494 1304 ingressi
1523 1230 1706 1300 sunt;
1756 1231 1894 1287 erat
1939 1225 2039 1287 ille
2087 1225 2227 1288 dies
2274 1226 2394 1289 fori
2431 1227 2807 1305 multusque
2833 1227 3036 1289 homi-

796 1354 955 1397 num
1000 1333 1361 1396 vicinorum
1406 1331 1703 1394 locorum
1752 1339 2140 1410 conventuS,
2189 1333 2349 1395 dum
2393 1351 2552 1396 vero
2604 1333 2904 1413 quisque,
2965 1341 3037 1395 ut

796 1441 993 1505 moris
1039 1446 1159 1516 est,
1186 1440 1384 1501 rebus
1415 1438 1754 1500 venalibus
1786 1439 2075 1517 intendit,
2118 1440 2545 1520 premissique
2577 1440 2811 1502 milites
2841 1439 3036 1502 veluti

792 1548 985 1610 Turci
1027 1535 1106 1609 'se
1153 1564 1226 1609 se
1274 1546 1502 1608 ceteris
1549 1546 1928 1622 comiscent,
1994 1551 2059 1609 et
2109 1532 2274 1609 'nihil
2320 1529 2700 1626 suspitionis
2746 1547 3038 1620 habetur,
3088 1542 3098 1554 '

800 1657 1042 1734 impetu
1089 1653 1268 1716 facto
1315 1652 1633 1732 despotus
1681 1670 1834 1713 cum
1881 1653 2020 1715 aliis
2066 1654 2131 1715 in
2179 1652 2491 1733 oppidum
2531 1654 2799 1726 irruunt,
2843 1671 3040 1734 supra

796 1763 1187 1841 quingentos
1252 1759 1537 1838 capiunt,
1602 1759 1885 1838 reliquos
1949 1777 2163 1840 usque
2210 1760 2296 1821 ad
2341 1759 2818 1823 internitionem
2873 1760 3037 1823 occi-

796 1869 985 1943 dunt;
1053 1874 1189 1928 erat
1253 1866 1425 1928 enim
1471 1866 1764 1946 opidum.
1788 1865 1900 1927 VII
1948 1874 2214 1929 centum
2261 1868 2634 1945 domorum,
2681 1866 2795 1929 ubi
2841 1867 3040 1947 preda

796 1992 1035 2056 magna
1081 1974 1255 2036 facta
1277 1979 1429 2044 est:
1497 1980 1762 2036 centum
1807 1973 2031 2053 viginti
2088 1981 2340 2053 septem
2405 1974 2580 2035 milia
2633 1991 3036 2053 asperorum,

796 2085 1080 2165 quinque
1144 2083 1350 2143 salme
1416 2080 1662 2160 argenti
1728 2077 1878 2157 (hec
1943 2081 2185 2143 cesaris
2254 2075 2460 2155 erant)
2522 2098 2776 2144 merces
2841 2083 3037 2143 multe

796 2191 991 2273 panni
1029 2189 1213 2253 serici
1262 2194 1325 2250 et
1371 2188 1587 2250 omnis
1622 2188 1902 2267 generis,
1953 2205 2105 2251 cum
2137 2196 2312 2252 esset
2344 2189 2708 2269 emporium
2737 2188 3038 2269 Regionis

796 2305 1044 2379 reperta
1075 2304 1248 2375 sunt,
1297 2303 1363 2358 et
1408 2303 1480 2357 ut
1524 2296 1623 2357 ille
1656 2296 1966 2357 nunctius
1998 2296 2232 2358 rettulit
2260 2298 2506 2376 argenti
2545 2313 2825 2372 maSSaS,
2875 2313 3037 2375 quas

792 2409 856 2469 in
906 2406 1144 2468 civium
1214 2402 1520 2466 domibus
1587 2402 2026 2481 inveniebant,
2091 2402 2322 2465 milites
2375 2403 2716 2466 securibus
2762 2404 2925 2485 inter
2968 2420 3036 2465 se

796 2533 868 2573 sa
915 2511 1300 2575 dividebant.
1349 2509 1633 2573 Demum
1668 2509 1843 2572 facta
1872 2510 2074 2590 preda
2119 2517 2191 2573 et·
2230 2527 2381 2572 cum
2426 2512 2713 2590 capturis
2749 2511 3035 2586 remissa,

800 2620 1110 2700 oppidum
1148 2620 1295 2698 igne
1343 2625 1764 2681 consumunt.
1814 2617 1970 2681 Inde
2001 2624 2221 2680 autem
2268 2619 2504 2681 eodem
2551 2617 2773 2680 animo
2818 2626 3036 2681 contra

800 2727 1065 2805 opidum
1113 2725 1430 2789 Cuzelath
1472 2726 1715 2787 dictum
1784 2726 1961 2806 quod
2008 2725 2213 2787 tribus
2266 2725 2620 2787 miliaribus
2667 2724 3035 2806 hungaricis

796 2837 1077 2898 distabat
1122 2834 1505 2896 festinantes
1549 2833 1874 2913 tripartitis
1922 2832 2189 2894 aciebus
2223 2831 2638 2909 incedebant3
2671 2832 3038 2894 habuerunt

796 2943 1137 3006 hominum
1182 2946 1438 3003 tantum
1486 2941 1773 3020 quinque
1822 2939 2064 3015 millia3-
2094 2956 2376 3019 cumque
2423 2939 2509 3000 ad
2556 2940 2790 3002 silvam
2837 2957 3034 3019 quan-

796 3050 949 3111 dam
1014 3049 1293 3111 vicinam
1355 3050 1504 3111 loco
1570 3048 2042 3127 pervenissent,
2114 3048 2375 3127 iamque
2441 3048 2618 3109 cives
2687 3047 2768 3109 illi
2833 3047 3034 3108 vicine

796 3157 1179 3219 ‘vastationis
1209 3239 1214 3244 Ι
1243 3156 1433 3218 territi
1496 3155 1952 3233 occurrissent,
2019 3163 2085 3217 et
2147 3156 2414 3217 arbores
2460 3171 2578 3235 pro
2625 3153 3034 3217 obstruendis

796 3265 937 3341 viiS,
1003 3281 1085 3326 ne
1151 3264 1403 3342 equites
1468 3262 1929 3343 pertransirent
1995 3268 2258 3331 starent.
2326 3262 2457 3325 hoc
2520 3261 2828 3341 singulari
2891 3260 3035 3322 dolo

796 3371 1214 3434 circumventi
1282 3377 1466 3446 sunt3
1525 3370 1771 3433 dimissi
1825 3388 2116 3448 namque
2191 3377 2346 3433 sunt
2418 3369 2871 3449 quadringenti
2933 3366 3035 3445 qui

796 3479 997 3558 pedes
1026 3495 1178 3540 cum
1209 3478 1329 3540 illis
1356 3494 1606 3540 manus¹
1626 3482 2043 3540 consererent
2074 3483 2138 3539 et
2169 3477 2386 3556 potius
2415 3482 2814 3568 occuparent
2844 3490 3036 3555 quam
3074 3552 3080 3559 ι

800 3586 1280 3666 impugnarent;
1329 3593 1513 3648 erant
1540 3586 1620 3647 illi
1652 3584 1788 3647 duo
1821 3584 2036 3660 millia,
2068 3584 2312 3646 interea
2343 3583 2651 3646 festinant
2681 3600 2836 3646 cum
2865 3598 3035 3644 exer·

800 3694 928 3754 citu
975 3693 1179 3755 duces
1211 3700 1274 3754 et
1305 3693 1767 3756 remotioribus.
1805 3692 1967 3754 locis
1995 3691 2227 3753 silvam
2263 3697 2741 3770 pertranseunt,
2788 3706 2831 3752 a
2860 3696 3036 3768 tergo

800 3801 1101 3866 hostibus
1137 3801 1427 3878 veniunt,
1476 3818 1710 3864 omnes
1740 3801 1918 3862 nullo
1953 3797 2272 3861 evadente
2304 3797 2675 3876 concidunt,
2724 3796 3039 3859 cadavera

800 3910 860 3970 in
908 3907 1225 3995 grandem
1288 3925 1638 3970 accervum
1695 3912 2203 3986 comportanteS,
2270 3906 2644 3983 multosque
2691 3903 2854 3984 palis
2901 3902 3035 3964 affi-

796 4023 1046 4098 gente5‚
1095 4022 1168 4077 ut
1214 4032 1442 4077 eorum
1467 4013 1736 4096 ‘horrido
1770 4014 2148 4094 spectaculo
2177 4011 2376 4075 Turci
2421 4011 2477 4074 si
2523 4011 2791 4093 quando
2823 4027 3038 4090 super-

800 4123 1088 4186 venirent
1121 4123 1185 4185 in
1217 4129 1524 4184 terrorem
1555 4127 1989 4196 verterentur;
2030 4121 2132 4182 his
2163 4119 2671 4200 peractiscontra
2714 4114 3041 4180 Savonich

800 4227 1162 4310 properant.
1210 4207 1523 4292 Savonite
1571 4236 1794 4290 autem
1841 4228 2010 4289 sicut
2074 4233 2138 4288 et
2205 4223 2494 4290 Cuzalite
2559 4225 2794 4287 silvam
2857 4225 3040 4287 inter-

804 4336 1086 4398 mediam
1133 4336 1421 4399 hostium
1468 4337 1685 4398 furore
1729 4342 2038 4416 percepto
2071 4333 2403 4397 succidere
2434 4338 2499 4395 et
2527 4320 2671 4396 vias
2707 4332 3041 4395 obstruere

804 4450 1123 4524 ceperant.
1170 4441 1302 4506 Sed
1350 4441 1850 4523 superveniente
1897 4443 2185 4505 exercitu
2230 4442 2294 4504 in
2344 4441 2570 4520 fugam
2596 4434 2915 4503 'cOnvei-si
2957 4438 3040 4499 ad

800 4554 1019 4614 Iocum
1081 4558 1295 4614 tutum
1353 4551 1808 4630 confugerunt,
1857 4549 1943 4612 ibi
1992 4549 2308 4629 despotus
2339 4549 2576 4628 sagitta
2620 4552 2725 4609 est
2767 4546 2832 4608 in
2880 4544 3038 4625 pede
