3475 5200
1603 361 1958 415 ...90-

1653 617 1893 680 CLXII.

1312 812 1693 895 Narnberg,
1741 811 1938 876 1431.
1986 811 2135 896 dpr.
2184 810 2247 874 8.

661 972 947 1038 Zsigmond
984 970 1152 1038 kirily
1185 970 1348 1023 ῐὲνιί
1379 972 1528 1023 Cseh
1563 971 1729 1035 Peter,
1782 972 1988 1024 micsoi
2027 970 2136 1023 bin
2193 971 2320 1024 οἰδα
2373 974 2629 1026 korholva
2672 972 2788 1024 szol
2824 972 2902 1036 iij.

659 1062 818 1122 Garai
855 1060 1150 1112 Miklosnak
1187 1060 1410 1127 apjaval,
1452 1077 1481 1112 a
1518 1060 1778 1124 nadorra1,
1819 1065 2068 1113 szemben
2107 1063 2388 1116 elkiivetett
2415 1060 2906 1127 meltatlansagairol

659 1166 687 1201 s
725 1150 879 1216 arrol,
925 1153 1071 1216 hogy
1108 1167 1140 1201 a
1175 1149 1344 1204 Tatim
1381 1152 1553 1203 kotott
1590 1151 1855 1218 egyezse'g
1893 1151 2114 1203 ellenere
2152 1152 2419 1217 elfoglalta
2456 1150 2681 1217 apjanak
2719 1149 2903 1202 viu-ait.

661 1239 759 1291 Inti
798 1239 946 1291 Peter
983 1240 1126 1304 bant,
1182 1243 1325 1305 hogy
1362 1239 1571 1305 leanyat
1626 1241 1702 1306 ifj.
1752 1241 1907 1292 Garai
1955 1240 2269 1306 Miklosnak,
2308 1242 2359 1292 ki
2398 1258 2430 1291 a
2463 1240 2690 1305 torveny
2725 1243 2903 1292 tiszte-

657 1328 841 1381 leterol
887 1328 947 1381 es
987 1346 1016 1380 a
1055 1328 1145 1381 fiui
1185 1329 1597 1396 dfizatossagrol
1635 1334 1857 1396 annyira
1893 1332 2345 1396 megfeledkezett,
2390 1305 2641 1396 felesegiil
2677 1317 2798 1381 adn}
2836 1346 2903 1380 ne

658 1418 979 1486 mereszelje,
1017 1426 1149 1471 mert
1187 1421 1454 1471 kiilonben
1494 1437 1523 1471 a
1560 1418 1683 1472 bani
1722 1419 2054 1485 meltdsegtffl
2092 1436 2212 1485 meg
2237 1421 2386 1485 fogja
2419 1421 2665 1482 sosztani,
2712 1422 2903 1471 hanem

981 1509 1176 1561 inkabb
1215 1510 1403 1575 legyen
1441 1528 1473 1560 a
1510 1508 1782 1561 midomak
1821 1507 2140 1575 segitse'gere
2185 1512 2253 1560 fia
2290 1508 2579 1561 elleneben.

875 1653 937 1704 H.
980 1653 1095 1705 Okl.
1135 1655 1240 1705 390
1251 1656 1434 1705 -393,

1648 1940 1915 2004 CLXIII.

1177 2135 1792 2219 Ndndorfeje'rvdn
1839 2131 2034 2199 1432.
2072 2139 2221 2219 jan.
2269 2134 2378 2200 29.

659 2297 928 2348 Thalloczi
966 2298 1152 2359 Frank,
1193 2299 1340 2347 kevei
1372 2296 1583 2362 s6ispan
1620 2294 1679 2346 es
1705 2293 2154 2361 naudorfejervari
2179 2295 2429 2361 kapitany
2458 2296 2602 2346 Keve
2622 2294 2906 2361 varmegye

659 2385 1066 2453 kozonsegenek
1122 2389 1452 2452 meghagyja,
1506 2388 1652 2451 hogy
1690 2383 1885 2438 Szinan
1939 2384 2043 2451 beg
2097 2401 2257 2451 gyors
2316 2384 2611 2435 kozeledtet
2656 2383 2835 2436 ertven
2876 2402 2906 2435 ει

657 2476 778 2528 τέιοκ
817 2475 1167 2542 deszpotzit61‚
1204 2475 1460 2552 siirgosen
1509 2472 1734 2540 alljanak
1780 2477 1956 2526 hadba
1992 2490 2018 2525 s
2056 2475 2284 2525 Remetei
2333 2476 2487 2525 Himfi
2526 2472 2662 2526 Imre
2700 2473 2902 2538 alispiin

1151 2565 1394 2619 vezetese
1433 2566 1557 2616 alatt
1594 2566 1915 2630 vonuljanak
1953 2582 1983 2615 a
2021 2565 2171 2615 kevei
2209 2563 2415 2616 revhez.

873 2715 1014 2777 Nos
1047 2715 1297 2777 Franco
1331 2716 1410 2779 de
1435 2715 1494 2777 T
1496 2716 1751 2776 alloucz
1789 2712 1948 2776 alias
1987 2713 2067 2773 de
2107 2712 2395 2792 Ragusio
2431 2728 2656 2774 comes
2696 2710 2905 2773 Kewi-

661 2823 883 2885 nensis
921 2831 983 2884 et
1025 2824 1403 2901 capitaneus
1452 2822 2005 2885 Nandoralbensis
2051 2827 2170 2882 etc.
2211 2819 2402 2882 vobis
2430 2820 2621 2881 nobis
2661 2817 2904 2879 dilectis

661 2931 1055 2993 universitati
1106 2931 1414 2994 nobilium
1465 2931 1813 2993 comitatus
1861 2931 1940 2993 de
1988 2930 2189 2990 Kewe
2239 2928 2542 2989 fratribus
2579 2933 2643 2987 et
2679 2906 2905 2987 a‘rnicis

659 3037 897 3098 nostris
953 3037 1200 3099 dilectis
1255 3037 1672 3117 honorandis,
1733 3036 2056 3099 Noveritis
2103 3055 2144 3097 a
2191 3041 2366 3096 certo
2414 3040 2476 3095 et
2532 3033 2906 3104 certissime,

661 3145 837 3222 quod
887 3162 1011 3206 nos
1058 3151 1191 3205 tarn
1240 3162 1322 3205 ex
1371 3145 1627 3207 illustris
1676 3145 1967 3224 despotis
2013 3142 2241 3204 Rascie
2280 3158 2480 3220 quam
2520 3157 2603 3202 ex
2641 3139 2905 3223 fidedig-

661 3269 894 3314 norum
943 3270 1025 3313 ex
1073 3253 1465 3330 prelatorum
1512 3259 1576 3313 et
1623 3252 2029 3313 familiarium
2077 3257 2448 3312 nostrorum
2508 3246 2791 3321 fidelium
2841 3254 2904 3308 et

660 3359 1056 3421 credibilium
1089 3360 1485 3421 intimatione
1536 3368 1599 3420 et
1630 3360 1936 3421 relatione
1969 3375 2318 3436 sumpmus
2359 3356 2591 3431 edocti,
2636 3353 2905 3433 qualiter

661 3466 1044 3546 Zynambeg
1108 3467 1457 3545 wayuoda‚
1523 3473 1734 3528 totum
1792 3484 1988 3527 suum
2046 3465 2397 3526 exercitum
2460 3462 2519 3524 T
2521 3463 2907 3523 urconicum

660 3578 1188 3653 apromptuasset
1234 3580 1298 3634 et
1343 3574 1422 3635 de
1472 3573 1571 3634 die
1620 3574 1683 3634 in
1732 3573 1902 3634 diem
1959 3576 2462 3651 apromptuaret,
2512 3570 2634 3630 has
2689 3573 2908 3648 partes

659 3680 995 3742 inferiores
1043 3682 1179 3742 vult
1226 3687 1288 3742 et
1330 3680 1597 3742 intendit
1645 3698 1797 3741 cum
1846 3679 2091 3740 eisdem
2140 3679 2465 3755 invadere,
2515 3677 2692 3755 quod
2740 3676 2909 3737 deus

661 3793 926 3849 avertat.
989 3787 1203 3866 Quare
1270 3796 1522 3848 vestras
1580 3787 2009 3848 fraternitates
2070 3794 2131 3847 et
2198 3785 2512 3848 amicitias
2572 3785 2911 3845 hortamur

659 3895 1040 3975 eisdemque
1089 3895 1396 3956 seriosius
1442 3895 1907 3956 committimus
1940 3901 2265 3971 quatenus
2312 3909 2468 3953 mox
2509 3898 2571 3953 et
2600 3890 2909 3953 adstatim

659 4003 715 4063 si
751 4004 877 4064 iam
906 4004 968 4063 in
996 4003 1216 4065 itinere
1249 4019 1382 4063 non
1410 4002 1640 4063 essetis
1669 4001 1881 4079 positi,
1908 4001 2101 4061 etiam
2127 4000 2435 4061 omnibus
2459 3999 2597 4060 aliis
2630 3996 2911 4076 negotiis

660 4111 891 4172 vestris
967 4109 1345 4188 postpositis
1409 4108 1493 4169 ad
1559 4110 1762 4168 rivam
1828 4115 1889 4169 et
1944 4107 2187 4168 vadum
2254 4124 2486 4168 versus
2552 4104 2911 4167 Kowinum

661 4235 842 4279 more
908 4215 1446 4278 exercituantium
1512 4214 1706 4276 armis
1765 4221 1827 4275 et
1883 4214 2111 4275 ceteris
2177 4212 2660 4293 apparamentis
2725 4228 2913 4273 exer-

659 4324 1003 4386 citualibus
1071 4325 1247 4384 iuxta
1315 4321 1801 4400 possibilitatem
1870 4302 2152 4381 {restram
2218 4320 2414 4382 fulciti
2481 4320 2785 4409 citissime
2841 4326 2917 4380 et

659 4431 1188 4495 festinantissime
1256 4448 1407 4491 cum
1472 4428 1771 4490 Emerico
1842 4427 1971 4490 filio
2039 4427 2350 4507 Stephani
2418 4428 2526 4489 filii
2592 4426 2756 4490 Petri
2821 4428 2913 4489 de

663 4540 1042 4601 Remethew
1087 4537 1447 4599 vicecomiti
1497 4543 1719 4597 nostro
1759 4536 1848 4596 ire
1886 4542 1948 4596 et
1994 4535 2313 4614 proficisci
2360 4536 2672 4613 debeatiS,
2718 4551 2917 4598 sacre
3018 4562 3043 4573 .„
