3475 5200
1713 349 2106 404 -348-

777 565 937 629 boni
983 567 1475 630 incrementum.
1523 567 1787 631 Illustris
1819 567 2118 650 princeps
2154 568 2373 632 affinis
2403 576 2467 632 et
2499 570 3029 650 consanguineue

780 680 1007 736 noster
1070 674 1470 738 charissime.
1538 675 1763 738 Plures
1827 682 1894 738 et
1946 677 2123 738 varie
2189 676 2544 739 multorum
2590 684 2655 740 et
2698 676 3028 757 presertim

779 780 1106 844 banorum
1138 790 1511 846 nostrorum
1557 783 1639 846 de
1687 783 1946 846 Sabacz
1975 783 2379 863 aliorumque
2414 791 2630 848 castra
2658 792 2723 848 et
2750 783 3033 848 confinia

779 894 1009 951 nostra
1038 889 1400 954 tenentium
1450 907 1567 972 per
1610 890 1737 954 hos
1785 888 1926 954 dies
1971 890 2058 952 ad
2104 891 2520 955 maiestatem
2570 901 2863 956 nostram
2894 910 3029 972 per-

779 1004 1103 1059 venerunt
1144 995 1341 1072 litere,
1389 995 1451 1060 in
1500 998 1780 1062 eandem
1828 1011 2061 1062 omnes
2089 998 2480 1062 sententiam
2529 1000 2783 1081 scripte,
2821 998 3029 1061 Thur-

783 1120 904 1167 cos
950 1101 1194 1167 scilicet
1239 1105 1305 1169 in
1351 1105 1640 1168 maximo
1690 1124 1967 1169 numero
2015 1115 2451 1188 congregatos
2480 1106 2542 1169 id
2574 1107 2793 1170 conari
2841 1101 3033 1186 idque.

783 1209 1010 1286 moliti,
1044 1220 1117 1275 ut
1139 1220 1428 1278 castrum
1452 1213 1670 1294 ipsum
1699 1220 1997 1276 nostrum
2032 1211 2290 1277 Sabacz
2326 1214 2670 1278 obsideant
2696 1221 2761 1277 et
2789 1231 3030 1295 expug-

783 1324 964 1396 nent,
989 1326 1255 1400 sumpta
1300 1328 1373 1383 ut
1412 1321 1797 1384 arbitramur
1833 1339 1916 1384 ex
1955 1322 2084 1384 hoc
2115 1323 2464 1386 occasione
2494 1330 2560 1385 et
2585 1321 2828 1398 anime,
2857 1320 3033 1400 quod

781 1425 1148 1492 audiverint
1194 1434 1259 1490 et
1304 1428 1727 1493 intellexerint
1772 1430 1935 1491 velle
1983 1446 2109 1492 nos
2157 1436 2445 1492 castrum
2493 1425 2751 1493 Sabacz
2792 1428 3033 1490 instau-

786 1551 948 1596 rare.
1017 1533 1143 1615 Qui
1211 1552 1364 1598 cum
1429 1533 1858 1616 aliasquoque
1905 1533 2149 1617 sepiuS,
2214 1537 2305 1599 uti
2352 1554 2477 1599 vos
2534 1554 2669 1599 non
2733 1535 2906 1612 latet,
2972 1534 3035 1596 id

785 1643 1038 1704 tentare
1082 1642 1424 1719 voluerint,
1457 1660 1759 1706 veremur
1799 1661 1882 1706 ne
1921 1644 2050 1707 hoc
2096 1642 2526 1727 potissimum·
2542 1639 2856 1723 tempore,
2905 1659 3036 1722 quo

787 1750 1002 1812 nullas
1066 1749 1286 1812 adhuc
1349 1756 1614 1830 treugas
1679 1768 1834 1813 cum
1881 1750 1976 1814 eis
2022 1750 2348 1815 habemus
2410 1754 2661 1813 tentent
2716 1750 2930 1830 magis
2973 1756 3038 1812 et

785 1856 1264 1937 aggrediantur,
1291 1863 1711 1937 castrumque
1743 1857 1960 1937 ipsum
2008 1859 2092 1920 ad
2139 1857 2320 1938 quod
2368 1875 2629 1938 semper
2653 1856 3038 1938 aspirarunt,

786 1962 1155 2041 obsideant,
1202 1969 1267 2025 et
1313 1962 1517 2044 (quod
1555 1963 1722 2027 deus
1755 1963 2028 2042 avertat)
2061 1964 2371 2044 adimant,
2415 1963 2479 2028 in
2512 1964 2872 2046 periculum
2906 1981 3038 2026 non

787 2071 1008 2132 solum
1054 2067 1265 2134 Sirmii
1297 2079 1361 2133 et
1393 2071 1644 2134 illarum
1673 2072 1956 2153 partium
2002 2071 2401 2149 inferiorum,
2447 2071 2568 2135 sed
2599 2072 2794 2134 etiam
2840 2070 3038 2133 totius
3114 2079 3123 2082 ’

788 2175 969 2258 regni
1017 2178 1237 2241 nostri.
1289 2175 1598 2241 Volentes
1647 2177 1837 2258 igitur
1880 2179 2242 2259 predictum
2307 2187 2597 2241 castrum
2659 2175 2746 2241 ab
2814 2178 3038 2240 huius-

789 2285 969 2348 modi
1015 2285 1302 2366 periculo
1349 2284 1450 2348 dei
1500 2286 1740 2348 auxilio
1769 2285 2057 2365 liberare,
2106 2285 2568 2349 mandavimus
2608 2285 2779 2349 fideli
2813 2292 3036 2348 nostro

788 2391 1123 2473 spectabili
1188 2400 1252 2454 et
1313 2392 1666 2474 magnifico
1731 2392 2069 2474 Stephano
2136 2393 2218 2457 de
2281 2394 2526 2457 Bathor
2588 2394 2788 2456 huius
2861 2393 3039 2473 regni

789 2499 993 2563 nostri
1042 2498 1377 2581 Hungarie
1423 2501 1708 2581 palatino
1756 2508 1820 2563 et
1866 2501 2083 2564 comiti
2119 2499 2573 2564 Themesiensi
2599 2509 2743 2579 etc.,
2783 2508 2855 2564 ut
2902 2501 3037 2582 ipse

787 2606 1004 2670 eidem
1052 2616 1265 2671 castro
1313 2607 1378 2670 in
1424 2610 1551 2672 hac
1597 2610 1986 2672 necessitate
2034 2618 2098 2672 et
2143 2627 2297 2672 cum
2343 2606 2483 2672 suis
2528 2615 2595 2672 et
2625 2610 2857 2672 vestris
2888 2609 3038 2672 alio-

791 2732 1203 2795 rumquoque
1250 2714 1336 2778 ad
1381 2714 1816 2780 Themeswar
1861 2716 2209 2798 deputatiS,
2258 2717 2497 2797 quibus
2528 2715 2816 2780 similiter
2844 2716 3038 2797 scrip·

787 2824 1022 2900 simuS,
1084 2823 1392 2903 gentibus
1436 2841 1817 2888 succurrere
1873 2824 2126 2889 debeat.
2195 2824 2413 2906 Quare
2477 2823 2763 2889 fidelitati
2826 2834 3040 2888 vestre

790 2930 1027 2993 harum
1090 2929 1255 2994 serie
1302 2932 1430 2994 sub
1476 2948 1649 3012 pena
1693 2931 1933 2995 decreti
1981 2932 2352 2995 firmissime
2404 2931 2820 3009 mandamuS‚
2888 2950 3042 3012 qua-

789 3040 969 3117 tinus
1014 3040 1229 3102 statim
1276 3040 1433 3120 visis
1480 3040 1914 3120 presentibus,
1963 3041 2143 3103 omni
2167 3057 2352 3103 mora
2388 3039 2780 3121 posthabita,
2815 3046 3042 3119 gentes

787 3155 1066 3224 vestraS,
1114 3165 1282 3227 quas
1327 3164 1445 3228 pro
1493 3145 1878 3210 defensione
1924 3148 2103 3227 regni
2136 3136 2354 3211 tenere
2394 3145 2665 3225 debetiS,
2715 3147 3041 3211 neminem

789 3254 1220 3334 respiciendo,
1290 3252 1619 3316 neminem
1685 3256 2098 3335 expectando
2172 3255 2255 3317 ad
2319 3252 2754 3317 Themeswar
2816 3272 3043 3334 quam-

789 3360 1098 3425 citissime
1163 3361 1412 3424 mittere
1474 3362 1789 3441 debeatiS,
1858 3369 1931 3424 ut
1992 3358 2284 3443 prefatus
2349 3361 2655 3425 dominus
2717 3362 3046 3442 palatinus

789 3486 949 3531 cum
1012 3468 1129 3529 illis
1192 3475 1257 3531 et
1320 3468 1596 3533 aliorum
1666 3471 1993 3550 gentibus,
2062 3470 2443 3551 periculum,
2508 3468 2687 3548 quod
2753 3469 3046 3549 predicto

789 3582 1010 3638 castro
1057 3572 1312 3638 Sabacz
1359 3577 1671 3655 imminet,
1719 3577 2007 3640 devitare
2053 3577 2538 3658 propellereque
2583 3577 2815 3657 possit,
2849 3594 3045 3640 secus

790 3682 859 3745 in
906 3689 1226 3763 quantum
1274 3700 1514 3764 penam
1559 3685 1954 3765 premissam
2001 3685 2240 3748 evitare
2273 3682 2506 3764 cupitis
2537 3684 2693 3746 etin
2724 3691 3046 3764 quantum

792 3793 1076 3855 salutem
1123 3792 1322 3855 huius
1369 3794 1548 3873 regni
1594 3795 1852 3871 amatis,
1900 3794 2115 3856 facere
2162 3811 2296 3857 non
2342 3791 2754 3874 presumatis,
2806 3791 3045 3854 Datum

615 3948 714 3992 Μ,
793 3899 984 3964 Bude
1032 3900 1097 3963 in
1144 3900 1315 3964 festo
1381 3900 1558 3992 beati.
1598 3899 1921 3963 Valentini
1968 3901 2265 3978 martiri5‚
2323 3917 2502 3963 anno
2553 3898 2796 3994 domini
2850 3899 3045 3961 mille-

559 4020 680 4064 tebr.
706 4024 772 4064 u.
792 4008 965 4072 simo
1014 4008 1540 4089 quingentesimo
1587 4008 1905 4087 vigesimo
1959 4008 2187 4089 primo,
2268 4042 2269 4045 π

2119 4148 2452 4214 Exmissio
2499 4148 2757 4232 propria
2804 4147 3044 4212 domini

2255 4259 2425 4353 regis
2482 4258 2565 4320 de
2621 4255 2912 4321 consilio.

2766 4392 2811 4408 4—-

1012 4448 1236 4516 Eredeti,
1271 4452 1437 4517 papir.
1478 4448 1709 4504 sarlaten
1733 4449 2085 4518 papirfolzetfi
2118 4449 2303 4517 pecs&
2327 4448 2683 4505 tbredekeivel
2710 4450 2783 4502 M.
2808 4449 2875 4501 Ο.
2900 4445 3043 4513 04..

797 4542 993 4592 38069.
1034 4556 1112 4593 ει.
1163 4580 1169 4589 .
2924 4566 2933 4571 -
