3475 5200
1685 359 2077 411 -116—

752 577 967 640 denda
1023 621 1303 641 .....
1350 576 1777 657 expeditionis
1823 577 2110 641 humeris
2156 577 2296 641 suis
2341 578 2752 643 decrevimus
2797 579 3003 660 impo-

751 686 1060 749 nendum.
1109 685 1441 765 Deputato
1483 683 1701 765 itaque
1747 684 1892 764 ipso
1939 683 2296 748 Mathkone
2341 686 2516 749 bano
2579 703 2736 749 cum
2783 732 2799 749 .
2850 734 2864 750 .
2916 732 2930 746 .
2985 734 3000 748 .

752 789 1115 873 [sumema
1178 791 1756 872 circumspectione
1822 791 2134 855 suffultus
2181 810 2298 873 pro
2344 792 2640 856 eiusdem
2668 794 2875 874 -regni
2921 812 3003 857 ac

750 901 919 981 regis
980 900 1083 963 sui
1131 899 1398 981 pretacti
1446 898 1827 963 defensione
1876 906 2372 980 castrorumque
2436 907 2502 963 et
2556 899 3002 964 fortalitiorum

749 1008 928 1088 regni
977 1052 1302 1070 ......
1348 1006 1837 1088 recuperatione
1903 1025 1988 1070 ex
2051 1013 2273 1070 nostre
2320 999 2679 1071 maiestatis
2727 1054 2999 1073 .....

749 1116 903 1178 dato
965 1130 1236 1196 gressus
1300 1131 1463 1177 suos
1527 1113 1947 1192 continuavit,
1995 1131 2130 1195 quo
2177 1114 2319 1178 illac
2364 1115 2720 1195 attingente
2765 1132 3000 1179 omnes

749 1201 1122 1288 huiusmodi
1186 1221 1384 1284 Turci
1448 1221 1565 1284 sed
1622 1265 2025 1284 .......
2076 1270 2087 1280 .
2140 1270 2154 1284 .
2207 1270 2221 1284 .
2288 1221 2577 1286 adventu
2640 1222 2809 1286 adeo
2873 1223 3001 1287 for-

748 1329 986 1393 midine
1049 1328 1299 1391 attoniti
1368 1327 1549 1392 fuere
1613 1334 1679 1392 et
1739 1328 2038 1409 perculsi,
2103 1329 2283 1408 quod
2346 1328 2539 1393 iidem
2594 1330 2715 1411 ipsi
2791 1330 3001 1394 Math-

746 1438 901 1500 koni
947 1437 1124 1499 bano
1171 1441 1236 1498 et
1280 1452 1404 1498 sue
1448 1436 1734 1515 potentie
1781 1453 1854 1498 se
1901 1435 2160 1500 obicem
2206 1435 2381 1498 etin
2429 1454 2667 1518 campo
2715 1487 2729 1500 .
2778 1482 2795 1501 .
2846 1487 2859 1501 .
2902 1431 2926 1502 ⁷.
2980 1487 2993 1500 .

747 1561 902 1606 cum
975 1543 1107 1606 iam
1182 1542 1321 1623 ipse
1395 1542 1667 1606 Mathko
1741 1543 1958 1606 banus
2033 1544 2282 1606 nullum
2338 1544 2647 1624 temporis
2694 1545 2998 1610 bellicose

747 1651 1232 1731 repugnationis
1293 1649 1550 1713 obicem
1597 1649 1911 1714 inveniret
1964 1650 2050 1713 ad
2099 1651 2542 1732 expugnanda
2597 1659 2810 1734 castra
2858 1671 2995 1734 pre·

744 1765 919 1821 tacta
964 1775 1089 1821 sua
1135 1802 1462 1820 ......
1518 1757 1831 1822 fortalitiis
1895 1758 2181 1821 manuali
2247 1776 2400 1822 cum
2466 1760 2687 1822 labore
2751 1777 2993 1841 expug-

748 1865 934 1941 natiS‚
981 1865 1122 1928 aliis
1167 1882 1324 1928 vero
1368 1870 1511 1927 tum
1558 1882 1672 1945 per
1716 1865 2025 1929 illustrem
2066 1883 2286 1946 regem
2325 1866 2547 1954 Bozne
2580 1874 2992 1946 prenotatum

744 1972 810 2035 in
855 1973 1117 2052 signum
1164 1988 1286 2035 sue
1332 1972 1524 2035 nobis
1571 1972 1984 2042 observande
2040 1973 2169 2035 fide
2219 2018 2561 2035 ......
2608 1974 2787 2037 ionisw
2839 1992 2990 2052 con-

746 2067 953 2158 fusos,
1018 2078 1325 2141 manibus
1389 2077 1538 2141 dicti
1601 2077 1981 2142 Mathkonis
2044 2079 2197 2141 bani
2253 2080 2622 2160 assignatiS,
2669 2086 2741 2144 ut
2788 2084 2991 2144 multa

744 2186 1052 2250 brevibus
1077 2185 1717 2266 comprehendamus
1738 2186 2174 2264 sermonibus,
2205 2187 2421 2268 ipsum
2445 2205 2718 2269 regnum
2752 2189 2989 2266 Bosne,

742 2294 885 2357 eius
934 2341 949 2356 .
998 2337 1013 2357 .
1061 2337 1078 2356 .
1125 2342 1137 2355 .
1185 2310 1254 2355 re
1284 2291 1586 2370 subdidit,
1635 2310 1836 2373 quam
1865 2293 2271 2373 plurimaque
2317 2302 2550 2368 castra,
2596 2313 2727 2375 que
2775 2303 2985 2376 preter

742 2409 806 2464 et
854 2408 1080 2464 contra
1126 2407 1419 2464 nostram
1457 2399 1864 2462 maiestatem
1912 2417 2115 2481 regno
2161 2401 2226 2463 in
2276 2401 2584 2482 predicto,
2632 2420 2751 2483 per
2795 2420 2987 2482 quos-

744 2509 896 2571 dam
945 2515 1207 2576 nostros
1253 2507 1481 2570 hostes
1526 2514 1851 2587 occupata
1897 2514 1961 2571 et
2006 2508 2270 2571 detenta
2298 2509 2710 2572 habebantur
2712 2557 2983 2588 .....

742 2633 779 2679 e
827 2633 1107 2695 quorum
1154 2615 1371 2695 aliqua
1416 2615 1607 2678 etiam
1656 2614 1741 2678 ad
1773 2633 2044 2697 presens
2086 2617 2350 2680 nomine
2382 2625 2602 2680 nostre
2634 2619 2990 2681 maiestatis

742 2722 921 2804 apud
982 2740 1224 2786 manus
1283 2721 1577 2786 eiusdem
1640 2722 2017 2787 Mathkonis
2081 2724 2234 2787 bani
2299 2733 2455 2788 sunt
2519 2732 2584 2787 et
2647 2725 2984 2788 habentur.

743 2814 1026 2893 Demum
1072 2836 1292 2893 autem
1340 2830 1529 2894 nobis
1576 2832 1791 2912 exped
1839 2876 2110 2897 .....
2159 2833 2395 2896 nostris
2449 2833 2515 2895 in
2563 2833 2736 2896 dicto
2798 2849 2986 2895 sacro

741 2937 1014 3000 concilio
1061 2936 1413 3000 Basiliense
1459 2939 1959 3018 expediendum,
2009 2940 2072 3001 in
2119 2939 2334 3021 ipsum
2382 2957 2657 3019 regnum
2690 2946 2986 3003 nostrum

740 3044 1071 3125 Hungarie
1116 3045 1378 3107 feliciter
1423 3045 1949 3126 regredientibuS,
1998 3064 2077 3108 ac
2123 3047 2188 3108 in
2236 3047 2491 3110 civitate
2533 3053 2757 3111 nostra
2787 3046 2983 3110 Poso-

722 3135 965 3216 ⁸niense
1029 3169 1254 3232 prema
1302 3198 1567 3216 .....
1612 3169 1735 3215 seu
1798 3170 2054 3216 moram
2120 3153 2526 3232 facientibus,
2585 3161 2984 3235 memoratus

737 3239 1011 3322 Mathko
1057 3260 1272 3322 banus
1319 3259 1627 3322 illustrem
1674 3259 2085 3341 Stephanum
2131 3260 2399 3335 Twertk
2463 3279 2683 3342 regem
2748 3261 2985 3324 scilicet

739 3366 962 3430 Bozne
1024 3372 1386 3447 pretactum
1443 3366 1794 3430 simulcum
1858 3367 2218 3431 baronibus
2265 3375 2329 3431 et
2375 3369 2596 3431 notabi
2642 3415 2980 3433 ......

715 3475 948 3555 ,ipsam
1010 3472 1368 3536 Posonium
1417 3474 1479 3536 in
1527 3481 1957 3555 conspectum
2004 3482 2227 3538 nostre
2272 3476 2545 3538 adduxit
2607 3475 2983 3552 maiestatiS,

736 3597 934 3660 quem
979 3581 1246 3649 tandem
1291 3598 1512 3660 regem
1557 3581 1906 3644 simulcum
1952 3582 2092 3645 suis
2147 3582 2502 3646 baronibus
2549 3590 2614 3645 et
2658 3583 2985 3645 nobilibus

736 3686 1035 3768 predictis
1099 3705 1224 3751 nos
1287 3696 1560 3769 accepto
1603 3690 1689 3751 ab
1736 3688 1830 3751 eis
1879 3733 1893 3747 .
1941 3738 1951 3749 .
2003 3736 2016 3749 .
2065 3735 2079 3749 .
2132 3686 2599 3769 [obseJrvando
2665 3690 2984 3767 fidelitatis

715 3788 1064 3874 ‘homagio
1140 3812 1275 3858 non
1347 3803 1501 3877 post
1563 3798 1918 3859 multorum
1981 3786 2234 3860 dierum
2298 3798 2509 3877 spatia
2575 3798 2659 3860 ad
2729 3798 2986 3878 propria

734 3902 1043 3965 duximus
1089 3902 1563 3967 remittendum.
1596 3902 1696 3966 Ne
1724 3911 1949 3966 autem
1980 3904 2513 3967 multimodorum
2541 3904 2981 3983 virtuosorum

732 4018 1070 4089 gestorum
1133 4010 1283 4107 dicti
1330 4054 1727 4073 .......
1776 4028 1864 4072 na
1922 4002 2201 4074 narratio
2266 4012 2557 4091 spatiosa
2620 4012 2982 4092 prolixitate

732 4119 1196 4182 interveniente
1241 4102 1499 4183 animos
1544 4119 1901 4200 legentium
1933 4119 2267 4196 distrahat,
2301 4119 2403 4181 illa
2453 4120 2517 4182 in
2546 4126 2726 4200 parte
2754 4120 2981 4183 maiori

734 4227 986 4289 silentio
1052 4226 1423 4306 transimuS,
1490 4246 1697 4292 unum
1744 4235 1964 4290 tamen
2011 4226 2241 4290 merito
2289 4246 2463 4291 mern
2513 4274 2783 4288 .....
2833 4246 2870 4291 e
2919 4235 2980 4291 et

707 4333 1175 4413 ‚strennuitatis
1202 4334 1625 4399 attollendum
1658 4335 2036 4416 preconium
2067 4335 2402 4416 premissis
2435 4337 2747 4400 duximus
2775 4335 2979 4399 addu-

732 4440 1032 4505 cendum.
1080 4440 1450 4507 Novissime
1495 4442 1733 4507 etenim
1780 4448 2039 4505 mortuo
2086 4448 2151 4504 et
2189 4442 2273 4504 ab
2302 4432 2688 4506 hoc'seculo
2720 4443 2976 4506 sublato

705 4528 1014 4629 {condam
1061 4548 1231 4611 fideli
1279 4556 1503 4613 nostro
1550 4549 1883 4631 spectabili
1930 4558 1993 4613 et
2042 4596 2493 4612 ........
2542 4568 2693 4612 wan
2740 4548 2974 4626 comite
