3475 5200
1667 247 2057 302 „280-

740 483 885 529 rum
931 465 1652 546 Transsylvanicarum,
1701 468 1856 530 item
1895 467 2155 549 egregio
2201 467 2460 532 Thome
2508 468 2728 550 Dragy
2766 488 2984 550 perso-

738 574 904 636 nalis
945 573 1265 654 presentie
1316 583 1538 637 nostre
1585 576 2071 654 locumtenenti,
2119 583 2412 655 preterea
2453 578 2628 640 bano
2668 579 2773 638 vel
2821 578 2984 639 vice·

739 665 929 754 banis
962 683 1142 762 regni
1178 682 1376 744 nostri
1404 681 1732 761 Slavonie,
1769 684 2019 746 cunctis
2051 684 2247 745 etiam
2280 685 2420 746 aliis
2450 685 2632 764 regni
2670 684 2986 747 iudicibus

740 796 804 850 et
852 789 1210 851 iusticiariis
1258 790 1713 853 ecclesiasticis
1752 791 2050 853 videlicet
2096 798 2160 854 et
2205 791 2633 869 secularibus,
2681 793 2985 871 presenti-

742 897 869 958 bus
934 905 998 961 et
1061 897 1314 974 futuriS,
1380 898 1781 985 presentium
1847 899 2136 961 notitiam
2201 899 2535 976 habituriS,
2601 901 2880 962 salutem
2926 907 2989 961 et

740 1004 1034 1084 gratiam.
1087 1003 1260 1085 Quia
1306 1023 1429 1068 nos
1477 1005 1668 1068 certis
1713 1004 1906 1067 bonis
1936 1007 2340 1085 respectibus
2374 1006 2986 1086 rationabilibusque

742 1097 825 1173 ex
889 1112 1110 1174 causis
1178 1113 1514 1192 cupientes
1578 1120 1773 1191 prout
1837 1120 2135 1175 tenemur
2196 1130 2588 1193 generosam
2654 1113 2984 1175 dominam

743 1219 1098 1298 Barbaram
1162 1219 1448 1281 relictam
1519 1220 1802 1283 condam
1869 1220 2130 1282 illustris
2177 1219 2355 1283 Wok
2420 1220 2673 1301 despoti
2738 1220 2984 1296 Rascie‚

744 1326 807 1388 in
873 1326 1148 1406 pacifico
1213 1327 1504 1389 dominio
1571 1327 1983 1390 castellorum
2050 1326 2493 1408 Komogoyno
2560 1335 2625 1390 et
2689 1326 2988 1409 Gradyza

742 1440 1128 1496 vocatorum
1176 1434 1240 1495 in
1289 1435 1602 1496 comitatu
1647 1433 2067 1513 Zagrabiensi
2115 1434 2529 1496 existentium
2581 1441 2987 1518 cunctarum-

747 1558 874 1622 que
921 1542 1446 1621 pertinentiarum
1505 1542 1863 1603 earundem
1912 1542 2283 1604 conservari
2330 1549 2395 1604 et
2442 1542 2706 1604 nomine
2755 1542 2986 1604 tutorio

747 1649 1025 1711 eandem
1091 1649 1376 1729 quietam
1442 1655 1506 1710 et
1570 1665 1873 1711 securam
1945 1650 2233 1728 reddere,
2312 1636 2656 1712 universas
2724 1651 2868 1712 lites
2930 1657 2989 1710 et

748 1774 1008 1830 causaS,
1076 1757 1130 1820 si
1195 1774 1322 1835 que
1387 1756 1552 1818 forte
1614 1758 1968 1819 occasione
2034 1757 2355 1820 dictorum
2405 1757 2819 1820 castellorum
2883 1763 2991 1817 aut

747 1863 1276 1944 pertinentiarum
1342 1864 1636 1943 ipsorum
1700 1871 1930 1926 contra
1993 1864 2273 1926 eandem
2341 1872 2515 1927 mote
2586 1873 2826 1940 essent,
2893 1865 2990 1924 vel

747 1979 1116 2050 temporum
1163 1973 1225 2033 in
1275 1988 1591 2050 processu
1639 1989 1862 2034 coram
1911 1971 2102 2034 vobis
2148 1973 2251 2033 vel
2296 1973 2498 2034 altera
2542 1980 2837 2034 vestrum
2884 1988 2991 2051 per

749 2079 1094 2160 quospiam
1140 2079 1628 2156 suscitarentur,
1676 2078 1741 2140 in
1790 2096 1917 2141 nos
1964 2086 2356 2159 nostrosque
2395 2096 2819 2142 successores
2852 2079 2990 2140 dicti

750 2186 928 2265 regni
994 2186 1327 2264 Hungarie
1393 2204 1601 2266 regeS,
1662 2188 2079 2266 suscepimus
2128 2187 2656 2266 suscipimusque
2698 2204 2817 2266 per
2863 2201 2991 2266 pre·

749 2303 990 2371 senteS‚
1039 2294 1125 2355 ita
1171 2293 1488 2371 videlicet,
1538 2294 1720 2373 quod
1768 2295 1823 2356 si
1873 2294 2159 2375 quipiam
2199 2294 2439 2372 aliquid
2472 2293 2629 2355 iuris
2661 2294 2829 2354 circa
2860 2310 2990 2372 pre·

749 2402 921 2463 dicta
952 2402 1218 2464 castella
1247 2408 1361 2463 aut
1389 2419 1618 2464 eorum
1647 2402 2031 2481 pertinentia
2057 2402 2299 2464 habere
2330 2408 2683 2482 sperarent,
2724 2400 2991 2478 litesque

748 2508 1067 2571 adversus
1134 2510 1344 2588 ipsam
1410 2509 1744 2580 dominam
1813 2509 2174 2571 movissent
2236 2511 2340 2571 vel
2410 2525 2675 2572 movere
2739 2508 2989 2583 vellent,

748 2617 835 2678 hii
884 2634 1018 2678 non
1066 2623 1294 2678 contra
1332 2617 1632 2695 eandem,
1681 2618 1802 2679 sed
1849 2624 2078 2679 contra
2128 2635 2252 2679 nos
2282 2617 2622 2696 dictosque
2654 2631 2991 2678 successo·

750 2741 858 2786 res
904 2732 1166 2786 nostros
1225 2740 1416 2803 reges
1480 2742 1672 2805 agere
1740 2732 1935 2803 atque
2003 2742 2127 2787 nos
2195 2733 2260 2786 et
2324 2724 2597 2787 eosdem
2661 2724 2993 2803 requirere,

752 2848 1157 2910 causamque
1205 2849 1397 2893 suam
1439 2833 1749 2912 prosequi
1795 2832 2095 2894 debeant.
2146 2831 2403 2911 Quibus
2443 2831 2750 2894 omnibus
2782 2847 2906 2892 nos
2936 2838 2996 2891 et

751 2938 953 3001 nostri
991 2955 1415 3001 successores
1458 2939 1622 3000 intra
1669 2945 1731 3000 et
1779 2947 1961 3001 extra
1993 2940 2302 3001 iudicium
2336 2939 2732 3018 respondere
2764 2945 2828 3000 et
2861 2937 2996 2999 iuri-

753 3054 924 3109 stare
938 3048 1266 3124 volumus,
1280 3053 1342 3108 et
1355 3046 1440 3107 ad
1461 3046 1993 3126 respondendum
2016 3064 2140 3108 nos
2162 3053 2423 3126 paratos
2444 3045 2796 3108 offerimus.
2821 3045 2995 3107 Man-

754 3154 990 3216 damus
1037 3154 1272 3216 idcirco
1323 3153 1607 3216 fidelitati
1657 3162 1872 3216 vestre
1918 3155 2319 3234 presentium
2361 3153 2526 3216 serie
2580 3153 2996 3228 strictissime,

753 3267 1079 3339 quatenus
1144 3280 1184 3321 a
1248 3262 1448 3323 modo
1516 3261 1944 3342 imposterum
2010 3279 2249 3323 causas
2295 3261 2697 3338 huiusmodi,
2764 3260 2820 3322 si
2873 3276 2994 3340 que

754 3377 981 3431 contra
1027 3368 1304 3431 eandem
1352 3369 1687 3431 dominam
1719 3376 2017 3448 pretextu
2050 3368 2551 3448 prescriptorum
2587 3367 2995 3430 castellorum
3033 3417 3037 3421 .

753 3486 867 3538 aut
895 3476 1423 3556 pertinentiarum
1453 3477 1814 3539 eorundem
1849 3483 2027 3537 mote
2058 3483 2299 3552 essent,
2334 3483 2401 3537 at
2433 3476 2743 3555 deinceps
2781 3491 2998 3536 move·

755 3592 997 3661 rentur,
1068 3599 1288 3645 coram
1353 3582 1543 3646 vobis
1607 3590 1972 3663 acceptare,
2036 3585 2137 3645 vel
2188 3583 2252 3645 in
2330 3582 2577 3647 eisdem
2653 3581 2999 3661 procedere

754 3691 1134 3752 nullomodo
1213 3689 1522 3767 debeatis,
1602 3708 1726 3753 nos
1798 3690 1972 3752 enim
2046 3697 2118 3752 ut
2197 3690 2612 3771 premisimus
2698 3689 3000 3752 omnibus

753 3801 1083 3863 actoribus
1129 3800 1522 3881 respondere
1571 3806 1634 3860 et
1680 3816 1926 3861 causas
1972 3799 2151 3878 ipsas
2198 3799 2352 3861 iuris
2400 3798 2626 3860 ordine
2667 3803 2732 3859 et
2769 3795 3000 3859 iustitia

755 3910 1079 3973 mediante
1119 3908 1467 3970 defendere
1500 3909 1831 3969 volumus,
1872 3904 1955 3967 Et
1988 3907 2226 3968 idcirco
2255 3922 2338 3967 ex
2367 3922 2543 3967 nunc
2576 3904 2748 3966 fideli
2781 3909 2998 3966 nostro

753 4017 1012 4095 egregio
1081 4015 1431 4077 Benedicto
1499 4014 1837 4091 Borswafs,
1887 4014 2204 4076 moderno
2284 4011 2580 4075 directori
2646 4027 2994 4073 causarum

754 4132 1146 4197 nostrarum,
1199 4123 1428 4185 futuris
1475 4121 1833 4183 earundem
1882 4138 2233 4183 causarum
2279 4127 2651 4181 nostrarum
2684 4117 2997 4180 directori-

755 4230 901 4306 bus,
943 4231 1176 4292 harum
1218 4231 1381 4292 serie
1411 4229 1811 4291 strictissime
1844 4228 2312 4290 committimus
2359 4235 2423 4289 et
2470 4225 2884 4301 mandamuS,
2930 4231 3000 4285 ut

755 4354 998 4399 causas
1047 4337 1290 4399 sactum
1339 4339 1659 4399 dictorum
1693 4336 2107 4397 castellorum
2142 4335 2805 4414 pertinentiarumque
2838 4332 3000 4412 ipso·

757 4461 899 4505 rum
966 4451 1330 4523 tangenteS,
1396 4445 1638 4523 ubique
1703 4444 1968 4504 nomine
2036 4450 2260 4505 nostro
2330 4442 2492 4503 tueri
2551 4448 2615 4502 et
2661 4437 3003 4501 defendere
