3475 5200
1721 379 2073 431 ...92-

773 607 1109 677 presentes
1155 601 1389 662 visuris
1437 601 1739 662 fratribus
1788 610 1849 661 et
1896 601 2122 662 amicis
2154 600 2345 662 nobis
2378 600 2642 682 dilectis.
2675 600 3018 678 NoveritiS‚

773 708 1109 784 quomodo
1157 709 1281 769 ista
1328 709 1428 770 die
1478 710 1541 770 in
1589 707 1757 769 festo
1808 709 1997 769 beate
2062 708 2389 772 Dorothee
2455 709 2717 788 virginis
2781 710 3021 772 scilicet

772 813 930 876 feria
993 822 1224 894 quarta
1288 835 1331 895 g
1380 861 1861 877 ........
1866 889 1877 897 ·
1921 823 1987 878 to
2039 864 2378 878 ......
2445 818 2677 879 vitates
2741 818 2826 878 ad
2892 835 3016 880 nos

771 931 1222 1001 pervenerunt,
1273 923 1607 1001 quomodo
1655 924 1805 984 Izak
1854 925 2180 1002 wayvoda
2236 941 2389 985 cum
2436 923 2576 985 vice
2633 925 3020 1003 imperatore

770 1047 922 1091 cum
947 1047 1187 1109 magna
1211 1032 1502 1109 potentia
1518 1030 1602 1091 ad
1622 1031 1783 1094 istas
1802 1037 2017 1110 partes
2041 1048 2273 1092 versus
2295 1041 2578 1094 castrum
2601 1032 3022 1094 Nandoralba

771 1138 1235 1217 disposuerunt
1281 1155 1353 1199 se
1400 1139 1615 1200 venire
1663 1140 1747 1199 ad
1795 1140 2286 1218 depredandum
2335 1147 2399 1200 et
2444 1139 2529 1200 ad
2586 1141 3017 1220 pugnandum

770 1253 1078 1308 castrum.
1146 1245 1248 1307 Ea
1305 1252 1563 1326 propter
1619 1247 1850 1308 vestris
1917 1247 2368 1308 dilectionibus
2434 1248 2898 1309 committimus
2954 1255 3020 1308 et

770 1355 1185 1427 mandamuS,
1236 1360 1561 1433 quatenus
1609 1353 1766 1415 visis
1812 1355 2221 1433 presentibus
2269 1362 2332 1416 et
2379 1355 2556 1416 omni
2606 1373 2789 1417 mora
2840 1362 3020 1433 post-

770 1461 982 1540 posita
1037 1461 1359 1522 universis
1417 1461 1859 1546 universaliter
1915 1469 1976 1523 et
2042 1463 2447 1541 singulariter
2502 1480 2654 1524 cum
2711 1464 3019 1525 omnibus

769 1569 1004 1630 vestris
1059 1567 1384 1646 equitibus
1433 1575 1494 1629 et
1542 1568 1865 1647 peditibus
1921 1587 2152 1631 versus
2214 1570 2637 1631 Albanandor
2680 1569 2771 1631 ad
2813 1571 3017 1632 rivam

769 1677 871 1737 vel
900 1675 982 1737 ad
1017 1683 1277 1756 portum
1319 1676 1623 1759 citissime
1673 1678 1890 1738 venire
1938 1676 2247 1738 debeatis,
2300 1677 2759 1739 Necessarium
2793 1686 2910 1753 est,
2946 1686 3018 1740 ut

769 1784 854 1843 ad
886 1782 1334 1845 defensionem
1383 1783 1567 1844 istius
1600 1785 1791 1845 castri
1821 1791 1884 1844 et
1916 1783 2283 1846 confinibus
2317 1791 2379 1845 et
2411 1784 2694 1846 similiter
2734 1786 2918 1846 sicuti
2954 1787 3018 1847 in

769 1891 962 1953 literis
994 1891 1386 1952 serenissimi
1428 1890 1668 1953 domini
1714 1892 1912 1954 nostri
1954 1892 2123 1970 regis
2154 1892 2319 1953 clare
2354 1892 2617 1968 vidistis,
2653 1893 2828 1970 quod
2862 1910 3017 1954 cum

772 1999 1077 2060 omnibus
1126 1998 1452 2077 equitibus
1500 2007 1563 2059 et
1609 1998 1932 2078 peditibus
1980 2006 2216 2060 octavo
2264 1999 2366 2060 die
2413 1999 2709 2059 datarum
2758 2017 3018 2078 presen-

768 2106 950 2184 tium,
1010 2107 1116 2186 qui
1176 2113 1398 2168 autem
1456 2106 1648 2166 etiam
1707 2123 1841 2167 non
1897 2106 2162 2181 venerit,
2220 2114 2377 2167 tunc
2435 2107 2855 2168 amissionem
2911 2107 3015 2168 sui

769 2215 995 2292 capitis
1041 2214 1612 2293 possessionisque
1661 2219 1722 2274 et
1770 2213 1958 2274 bonis
2006 2214 2131 2274 sub
2180 2213 2443 2275 nomine
2490 2212 2877 2276 infidelitatis
2924 2213 3017 2274 in-

770 2325 998 2396 curret,
1033 2321 1371 2401 proditioni
1406 2339 1485 2383 eo
1522 2321 1712 2382 facto,
1748 2320 1986 2381 Datum
2032 2321 2091 2380 in
2128 2321 2549 2382 Albanandor
2576 2319 2732 2382 seria
2764 2328 3016 2399 quarta,

770 2429 830 2489 in
890 2428 1058 2490 festo
1117 2430 1305 2490 beate
1364 2428 1692 2490 Dorothee
1749 2428 2027 2507 virginiS,
2088 2445 2263 2490 anno
2319 2435 2438 2511 ete.
2508 2427 2652 2488 ΜΠιο
2710 2426 3015 2489 CCCCfflO

767 2535 1090 2596 tricesimo
1138 2535 1452 2596 secundo,

985 2658 1204 2718 Eredeti,
1261 2659 1425 2722 papir,
1484 2657 1621 2722 aljzin
1672 2660 1793 2707 zold
1852 2660 2065 2709 viaszba
2113 2664 2353 2723 nyomott
2410 2658 2675 2723 pecsettel.
2715 2659 2786 2709 M.
2836 2658 2895 2708 N.
2944 2658 3014 2708 M.

771 2746 962 2811 Kallay
1002 2763 1074 2797 cs.
1114 2749 1167 2798 lt.

591 2509 696 2553 1432

558 2581 674 2626 febr.
705 2582 745 2625 6.

1793 2984 2069 3045 CLXVI.

1273 3159 1884 3243 Ndndorfejervcir,
1936 3160 2127 3223 1432.
2164 3161 2346 3241 febr.
2397 3160 2504 3224 18.

769 3301 1037 3353 Thalloczi
1077 3303 1261 3365 Frank,
1320 3304 1466 3352 kevei
1526 3301 1754 3367 sdispan,
1805 3318 1866 3351 az
1915 3302 2314 3353 akalhatiaknak
2362 3306 2693 3369 meghagyja,
2740 3306 2887 3370 hogy
2926 3301 3016 3354 Pffl

771 3391 1197 3457 szekessejervari
1245 3395 1550 3443 kanonokot
1586 3391 1643 3442 es
1683 3409 1712 3442 a
1752 3391 1989 3456 sejervaeiri
2046 3390 2436 3458 szekesegyhaz
2494 3396 2758 3455 embereit,
2798 3410 2830 3443 a
2873 3396 2947 3444 kit
2984 3409 3014 3443 a

771 3484 930 3533 dunai
968 3481 1145 3532 revnel
1183 3484 1351 3532 Olnos
1390 3480 1447 3531 es
1488 3481 1678 3532 Halasz
1707 3484 2021 3533 birtokokon
2061 3498 2091 3532 a
2117 3481 2452 3543 ‚,huszi2rok“
2492 3481 2548 3532 es
2588 3481 2756 3548 egye'b
2785 3498 3013 3547 gonosz·

769 3571 927 3622 te'v6k
967 3573 1097 3622 elien
1157 3568 1530 3636 odatelepitett‚
1591 3587 1621 3620 a
1655 3574 1796 3637 jelen
1840 3570 2206 3622 hadbaszallas
2263 3570 2531 3637 folyamt'm
2571 3587 2636 3622 ne
2674 3571 3013 3636 mereszeljek

1727 3660 2056 3725 haborgatni.

1090 3792 1140 3852 F
1142 3793 1346 3853 ranko
1396 3793 1475 3852 de
1523 3790 1835 3853 'l'alloucz

1197 3917 1420 3961 comes
1472 3897 1899 3960 Kewiniensis
1946 3906 2067 3960 etc,

980 4026 1246 4088 Nobiles
1293 4025 1404 4085 viri
1452 4024 1643 4086 nobis
1691 4025 1940 4086 sincere
1998 4025 2224 4086 dilecti.
2286 4024 2607 4086 Noveritis
2662 4025 2839 4103 quod
2890 4037 3016 4087 nos

766 4134 1209 4196 honorabilem
1266 4132 1476 4194 virum
1535 4131 1915 4211 magistrum
1974 4131 2247 4193 Paulum
2304 4132 2691 4194 canonicum
2742 4133 3015 4194 ecclesie

766 4242 930 4302 Alba
963 4241 1215 4319 Regalis
1249 4240 1441 4301 simul
1471 4256 1622 4300 cum
1655 4239 2029 4301 hominibus
2071 4239 2653 4319 iobagionibusque
2674 4247 2737 4301 et
2756 4240 3017 4319 populis

764 4350 969 4428 ipsius
1002 4349 1269 4410 ecclesie
1303 4348 1468 4408 Alba
1492 4347 1746 4425 Regalis
1779 4348 1841 4408 in
1873 4347 2267 4426 pertinentiis
2294 4346 2503 4409 Olnus
2525 4355 2587 4409 et
2609 4347 2814 4408 Halaz
2847 4347 3015 4411 exis-

764 4456 1047 4517 tentibus
1096 4456 1157 4516 in
1210 4455 1344 4516 riva
1390 4454 1669 4516 Danubii
1704 4462 1929 4517 contra
1962 4454 2345 4516 Huzerones
2376 4464 2440 4516 et
2470 4455 2632 4518 alios
2665 4457 3017 4518 nonnullos

763 4563 1214 4625 malefactores
1263 4563 1560 4624 homines
1608 4567 1793 4623 stare.
1826 4568 1889 4622 et
1936 4579 2313 4640 permanere
2362 4562 2740 4626 dimisimus.
2780 4560 3015 4627 Obhoc
