3475 5200
1740 364 2135 415 -326—

818 601 966 645 mus
1014 599 1263 658 ⁴merum,
1298 582 1476 660 quod
1518 599 1600 644 ex
1639 590 1819 662 parte
1851 583 2327 647 observationis
2377 591 2751 663 treugarum
2803 585 3057 663 scribat,

818 709 970 753 cum
1018 697 1082 750 et
1125 689 1316 752 nobis
1354 687 1722 752 firmissime
1751 689 2129 767 committat,
2175 698 2248 752 ut
2276 708 2400 753 nos
2432 699 2696 771 treugas
2736 699 2802 754 et
2841 692 3061 755 federa

822 801 982 861 inter
1026 814 1216 858 suam
1262 798 1669 859 maiestatem
1696 803 1778 859 -et
1828 798 2281 878 imperatorem
2347 798 2718 862 Turcorum
2771 799 3058 862 firmatas

822 925 954 969 non
1002 904 1216 969 solum
1281 904 1731 983 observemuS,
1799 922 2029 968 verum
2093 906 2286 968 etiam
2354 924 2505 969 curn
2563 907 2873 970 omnibus
2936 909 3058 970 sub

822 1012 1288 1093 gubernatione
1315 1018 1540 1075 nostro
1569 1012 1997 1075 existentibus
2028 1012 2473 1076 inviolabiliter
2501 1018 2852 1076 observare
2872 1015 3059 1076 facia-

826 1139 990 1181 mua.
1046 1119 1377 1199 Rogamus
1408 1119 1642 1181 deinde
1690 1120 2239 1199 magnificentiam
2289 1127 2596 1199 vestram,
2628 1121 2938 1201 quatinus
2983 1121 3065 1183 de

826 1249 946 1293 sua
994 1245 1117 1293 nos
1162 1226 1533 1290 valetudine
1581 1230 1827 1307 optima
1872 1228 2023 1290 velit
2055 1228 2321 1291 reddere
2368 1230 2690 1307 certiores,
2739 1247 2895 1292 nam
2941 1248 3067 1293 nos

826 1357 862 1397 a
910 1345 970 1397 tc
982 1353 1202 1417 mpore
1267 1336 1490 1397 estatis
1554 1335 1791 1414 longos
1855 1335 2171 1397 traximus
2216 1336 2639 1415 infirmitates,
2667 1387 2676 1392 .
2703 1354 2882 1399 nunc
2940 1338 3064 1400 iam

830 1445 1086 1505 favente
1134 1444 1260 1506 deo
1299 1443 1534 1505 melius
1581 1460 1819 1505 sumus
1866 1449 1930 1504 et
1974 1442 2078 1506 die
2124 1444 2453 1506 dominico
2484 1451 2763 1507 venturo
2808 1443 3068 1507 favente

830 1553 950 1613 den
1000 1549 1407 1638 movebimur
1468 1567 1700 1613 versus
1747 1550 2022 1613 Budam.
2090 1536 2530 1614 Intelleximus
2576 1552 2809 1614 deinde
2859 1569 2984 1614 nos
3029 1571 3068 1613 a

830 1657 1058 1721 Tuscis
1105 1658 1506 1740 nuncapud
1550 1675 1677 1721 nos
1724 1658 2152 1721 existentibus
2185 1659 2251 1721 in
2283 1658 2607 1738 legatione
2653 1677 2788 1723 non
2820 1644 3068 1739 absque

830 1785 1070 1845 magna
1136 1766 1333 1852 animi
1407 1766 1880 1847 complacentia
1944 1766 2246 1830 homines
2321 1766 2798 1846 magnificentie
2863 1775 3075 1830 vestre

830 1893 1026 1957 super
1071 1874 1252 1960 ipsos
1315 1873 1573 1936 Turcos
1636 1873 1923 1953 aliquam
1967 1873 2302 1936 victoriam
2350 1875 2712 1954 optinuisse
2759 1881 2825 1937 et
2869 1883 2944 1938 ut
2989 1875 3075 1938 ita

830 2000 1090 2061 semper
1134 1981 1445 2046 succedat
1492 1989 1821 2063 optamuS.
1869 1980 1973 2044 Ex
2011 1980 2445 2044 Themeswar
2491 1982 2649 2045 feria
2693 1990 2883 2047 sexta
2917 1985 3075 2047 inter

626 2069 803 2193 25„ch
834 2097 1102 2153 octavas
1147 2088 1375 2163 Pasce,
1424 2106 1599 2152 anno
1650 2089 1896 2152 domini
1952 2090 2139 2196 1507.

2363 2216 2520 2280 Josa
2573 2216 2655 2279 de
2701 2216 2864 2280 Sorn

2143 2341 2368 2387 comes
2414 2324 2907 2388 Themesiensis
2952 2331 3067 2388 etc.

1054 2465 1283 2530 Kivu'l:
1346 2467 1698 2548 Magnifico
1759 2467 2028 2532 domino
2093 2467 2376 2548 Georgio
2432 2469 2515 2531 de
2569 2467 2836 2547 Kaniza,
2903 2469 3070 2530 bano

838 2575 1354 2639 Nandoralbensi
1401 2576 1669 2639 domino
1716 2582 1780 2639 et
1827 2575 2041 2640 amico
2088 2576 2495 2641 honorando.

1054 2715 1276 2777 Eredeti,
1313 2718 1478 2782 papir,
1518 2715 1749 2767 zarlatan
1788 2715 1970 2781 pecset
2018 2719 2319 2782 nyomaival
2357 2719 2426 2769 M.
2467 2717 2530 2770 Ο.
2572 2718 2635 2768 D.'
2675 2718 2731 2769 L.
2774 2719 2964 2770 25475.
3001 2733 3073 2767 sz.

1767 2968 2176 3032 CDXXXIX.

1571 3147 1789 3227 Euda,
1839 3146 2038 3213 1507.
2087 3147 2254 3229 mcij.
2301 3149 2360 3210 2.

846 3310 902 3358 Π.
946 3306 1157 3359 υἱὲ-5216
1184 3306 1348 3372 ἰςίῐεῦγ
1374 3304 1584 3371 utasitja
1611 3307 1859 3358 Kanizsai
1887 3309 2106 3373 Gyorgy
2134 3305 2194 3358 e's
2220 3305 2367 3359 More
2393 3308 2614 3374 Gyiirgy
2640 3305 3084 3374 nandorfejervari

849 3398 1221 3466 wir-nagyokat,
1259 3399 1406 3463 lrpgy
1440 3413 1472 3446 a
1508 3398 1733 3447 torokok
1773 3397 1877 3450 e161
1912 3395 2243 3450 Szendr6b6l
2300 3397 2783 3463 Magyarorszftgba
2826 3400 3090 3452 menekiilt

850 3489 1288 3552 Guluchalowyth
1313 3485 1417 3549 Pal,
1446 3484 1611 3538 Laxat
1635 3485 1693 3539 es
1719 3487 2036 3548 Miklosnak,
2057 3489 2144 3539 kik
2168 3486 2485 3553 letolepedes
2511 3486 2766 3552 czeljabdl
2794 3505 2826 3540 a
2849 3487 3089 3555 kiriuytdl

850 3578 1030 3626 alkalm
1038 3592 1095 3627 as
1115 3577 1352 3628 teriiletet
1370 3576 1563 3639 kei-tek,
1584 3576 1630 3628 N
1633 3574 2107 3642 andorfejervarott
2125 3592 2237 3628 erre
2258 3579 2507 3628 alkalmas
2526 3578 2703 3642 helyet
2716 3578 3003 3643 jeloljenek
3021 3580 3086 3630 ki.

1779 3741 2172 3804 Commissio
2219 3743 2475 3821 propria
2523 3742 2766 3804 domini
2815 3744 3001 3822 regis.

1169 3875 1568 3939 Wladislaus
1616 3876 1718 3938 dei
1766 3877 1970 3957 gratia
2016 3893 2128 3938 rex

1171 3982 1502 4063 Hungarie
1549 3990 1613 4046 et
1660 3983 1971 4046 Bohemie
2017 3991 2137 4046 etc.

1066 4110 1408 4190 Magnifice
1456 4116 1521 4171 et
1566 4110 1821 4189 egregie
1887 4109 2115 4172 fideles
2162 4111 2353 4174 nobis
2399 4109 2650 4172 sincere
2696 4109 2929 4171 dilecti.
2996 4108 3094 4173 Ex

854 4238 986 4298 qut]
1034 4219 1236 4298 agiles
1283 4218 1548 4296 Paulus,
1597 4216 1886 4279 Lazarus
1933 4224 1998 4279 et
2044 4216 2274 4280 Nicola
2344 4216 2892 4298 Golochelowyth
2939 4234 3096 4279 una·

858 4346 1006 4390 cum
1057 4327 1371 4391 uxoribus
1421 4333 1485 4388 et
1532 4327 1709 4389 omni
1768 4325 2063 4404 ipsorum
2132 4324 2374 4388 familia
2430 4343 2514 4387 ex
2569 4322 2862 4387 Thurcia
2907 4331 2974 4387 et
3020 4340 3098 4386 ex

850 4434 1247 4514 pertinentiis
1309 4434 1500 4496 castri
1545 4434 1905 4497 Zenderew
1970 4434 2054 4494 ad
2112 4449 2236 4495 nos
2287 4432 2715 4512 profugerunt
2780 4432 3098 4514 supplica-

862 4550 1135 4622 tumque
1202 4542 1516 4605 maiestati
1582 4548 1825 4618 nostre,
1894 4547 1966 4602 ut
2031 4541 2093 4602 in
2160 4540 2554 4618 pertinentiis
2630 4541 2823 4602 castri
2899 4537 3097 4604 nostri
