3475 5200
1736 353 2129 408 -1r4-

813 570 1195 648 voluissent,
1253 571 1541 652 potentia
1602 571 1927 635 mediante
1988 572 2050 634 in
2107 572 2527 653 preiudicium
2587 582 2651 637 et
2695 573 3055 655 dampnum

813 679 1106 742 eiusdem
1142 679 1400 760 capituli
1428 681 1957 760 valdemagnum.
1994 679 2206 763 Super
2236 700 2369 763 quo
2396 690 2681 744 vestram
2711 680 3057 743 amicitiam

813 787 1223 866 presentibus
1286 787 1569 867 petimus
1597 770 1606 780 ’
1634 789 1985 868 diligenter,
2053 796 2382 870 quatenus
2436 797 2731 851 vestrum
2796 788 3061 851 mittatis

812 893 1145 957 hominem
1193 911 1309 974 pro
1356 894 1724 957 testimonio
1775 895 2193 976 fidedignum,
2227 913 2361 976 quo
2389 903 2690 976 presente
2724 895 3060 958 Johannes

811 1003 914 1064 vel
969 1001 1273 1064 Albertus
1338 1009 1452 1063 aut
1513 1001 1814 1065 Thomas
1880 1004 1960 1066 de
2018 1003 2159 1065 Bak
2214 1004 2353 1066 aliis
2417 1002 2802 1066 absentibus
2856 1003 3057 1066 homo

812 1110 1028 1189 regius
1090 1109 1175 1170 ab
1241 1109 1549 1172 omnibus
1611 1110 1852 1188 quibus
1908 1109 2225 1174 incumbit
2282 1129 2529 1173 meram
2588 1111 2671 1172 de
2726 1110 3058 1190 premissis

811 1216 1097 1297 experiat
1152 1216 1551 1279 certitudinis
1606 1217 1967 1295 veritatem,
2028 1235 2227 1296 quam
2287 1218 2551 1280 tandem
2610 1217 2877 1280 domino
2924 1217 3053 1296 regi

811 1322 1081 1387 fideliter
1102 1323 1486 1386 rescribatis.
1522 1322 1764 1386 Datum
1796 1323 1953 1386 feria
1985 1325 2279 1387 secunda
2311 1325 2609 1405 proxima
2639 1333 2792 1387 ante
2820 1325 3055 1387 festum

812 1430 1257 1511 conceptionis
1320 1430 1581 1510 virginis
1644 1431 1946 1510 gloriose,
2005 1448 2182 1494 anno
2244 1432 2489 1494 domini
2546 1430 2874 1494 MCCCC⁰
2932 1431 3058 1493 L¹¹¹⁰

637 1511 740 1555 ¹⁴5³
813 1538 1016 1601 tertio.

596 1583 724 1628 decz.
751 1584 791 1628 3.

1027 1715 1069 1764 A
1088 1714 1248 1765 bucias
1267 1712 1615 1780 kaptalannak
1642 1716 1793 1766 1453.
1816 1716 1962 1766 σωκ.
1997 1712 2148 1765 ι2-έη
2170 1716 2274 1766 kalt
2296 1697 2654 1780 jelenteseben
2680 1712 2864 1781 atirva,
2903 1716 3060 1780 mely-

813 1795 924 1854 ben'
951 1820 982 1854 a
1019 1802 1263 1870 kaptalan
1313 1805 1509 1870 jelenti,
1557 1806 1704 1870 hogy
1741 1821 1773 1855 a
1810 1802 2236 1871 meghagyisnak
2283 1806 2451 1870 eleget
2484 1809 2594 1858 tett.
2634 1805 2861 1870 Eredeti‚
2898 1806 3060 1872 papir,

811 1890 1078 1958 hatlapjan
1114 1891 1296 1958 pecset
1332 1895 1646 1959 nyomaival.
1684 1895 1755 1945 M.
1797 1894 1860 1946 Ο.
1901 1893 1963 1946 D.
2003 1894 2059 1946 L.
2100 1894 2294 1947 29809.
2333 1909 2413 1946 sz.

1777 2219 2106 2284 CCXLVI.

1522 2448 1738 2528 Euda,
1788 2447 1984 2512 1453.
2032 2448 2196 2513 decz.
2246 2449 2353 2515 16.

814 2627 1020 2682 Paloczi
1059 2628 1250 2680 Laszlo
1289 2627 1596 2694 orszagbird
1635 2630 1952 2694 meghagyja
1992 2644 2023 2678 a
2058 2629 2239 2679 leleszi
2281 2630 2638 2692 konventnek‚
2672 2630 2819 2695 hogy
2854 2628 3057 2681 Paloczi

813 2720 1033 2782 Simont,
1071 2734 1103 2769 a
1138 2720 1189 2770 ki
1228 2718 1481 2784 Csaholyi
1520 2716 1685 2770 simos
1723 2718 2044 2769 Brankovics
2072 2718 2293 2783 Gyorgy
2316 2717 2436 2771 κάει
2463 2720 2722 2785 deszpota
2757 2718 3059 2770 familiaris:

813 2809 962 2871 elien,
1001 2812 1132 2859 mert
1168 2824 1231 2859 az
1271 2824 1302 2858 a
1337 2809 1596 2873 deszpota
1640 2804 2035 2873 megbizasabdl
2091 2823 2154 2859 az
2211 2806 2245 2858 6
2302 2808 2563 2859 birtokain
2609 2806 3058 2860 hatalmaskodast

815 2899 1044 2950 kiivetett
1082 2899 1146 2961 el,
1185 2899 1381 2963 melyre
1417 2897 1586 2948 nezve
1623 2898 1849 2962 felperes
1888 2898 2049 2948 50·ed
2087 2895 2329 2962 magaval
2364 2898 2518 2949 eskiit
2552 2902 2665 2959 teu,
2702 2899 3053 2950 hatalmasko·

1053 2986 1166 3038 dissi
1206 2989 1327 3053 port
1362 2968 1592 3049 inditott,
1632 2986 1886 3052 Csaholyi
1925 2984 2090 3037 Janos
2129 2984 2471 3052 vagyondbdl
2509 2983 2723 3052 elegitse
2759 2989 2829 3040 ki.

1027 3153 1272 3216 Amicis
1337 3153 1476 3215 suis
1542 3152 1912 3216 reverendis
1977 3152 2329 3215 conventui
2386 3152 2659 3215 ecclesie
2715 3150 2796 3214 de
2867 3152 3057 3215 Lelez

816 3279 1039 3326 comes
1086 3260 1428 3323 Ladislaus
1475 3259 1555 3321 de
1602 3259 1837 3321 Palocz
1884 3259 2079 3322 iudex
2126 3259 2301 3321 curie
2334 3259 2728 3323 serenissimi
2755 3259 3055 3340 principis

813 3368 1058 3431 domini
1122 3366 1399 3429 Ladislai
1466 3367 1567 3429 dei
1631 3367 1837 3446 gratia
1901 3366 2256 3445 Hungarie,
2322 3366 2656 3443 Bohemie,
2716 3365 3053 3443 Dalmatie‚

815 3476 1072 3538 Croatie
1131 3483 1251 3536 etc.
1302 3475 1471 3554 regis
1517 3474 1866 3536 amicitiam
1904 3483 2197 3555 paratam
2234 3492 2386 3536 cum
2415 3474 2684 3536 honore.
2734 3472 3055 3536 Noveritis

814 3584 991 3662 quod
1037 3581 1365 3643 Adrianus
1410 3583 1700 3644 literatus
1749 3582 1829 3643 de
1878 3580 2189 3644 Helmecz
2222 3598 2338 3662 pro
2369 3581 2719 3662 magnifico
2766 3578 3056 3662 Symone

814 3688 898 3753 de
944 3688 1176 3752 eadem
1221 3689 1456 3751 Palocz
1504 3706 1656 3751 cum
1685 3689 2162 3769 ‘procuratoriis
2193 3688 2387 3751 literis
2421 3687 2661 3751 nostris
2698 3686 2878 3750 iuxta
2910 3704 3055 3750 con·

815 3796 1148 3859 tinentiam
1195 3797 1518 3859 literarum
1585 3805 1954 3860 nostrarum
2020 3795 2607 3877 prorogatoriarum
2673 3795 2738 3859 in
2808 3795 3055 3859 octavis

816 3905 960 3968 festi
1008 3903 1520 3984 Epiphaniamm
1552 3905 1795 3967 domini
1845 3904 1908 3966 in
1956 3921 2130 3966 anno
2160 3903 2456 3966 eiusdem
2485 3901 2826 3966 millesimo
2858 3902 3052 3982 quad-

817 4011 1277 4093 ringentesimo
1324 4013 1867 4091 quinquagesimo
1915 4011 2227 4092 preteritis
2260 4010 2323 4072 in
2358 4011 2567 4089 figura
2608 4010 2811 4072 nostri
2848 4008 3055 4071 iudicii

816 4137 1207 4200 comparens
1272 4127 1498 4183 contra
1560 4119 1930 4181 Johannem
1996 4119 2078 4181 de
2146 4117 2424 4194 Chahol,
2481 4125 2914 4197 proposuerat
2977 4132 3054 4178 eo

816 4228 1035 4303 modo,
1084 4227 1419 4307 quomodo
1467 4227 1778 4307 proximis
1825 4226 2287 4289 disturbiorum
2343 4225 2748 4305 temporibus
2803 4223 3057 4286 illustris

816 4336 1116 4416 princeps
1139 4335 1447 4397 dominus
1472 4334 1791 4414 dezpotus
1810 4334 2038 4396 Rascie
2070 4333 2356 4395 nescitur
2382 4348 2515 4411 quo
2546 4332 2785 4394 ductus
2813 4332 3053 4411 spiritu,

817 4443 1034 4506 missis
1067 4452 1130 4506 et
1162 4442 1498 4506 destinatis
1547 4441 1966 4504 familiaribus
1999 4441 2137 4503 suis
2178 4439 2699 4520 quampluribus,
2733 4439 3057 4518 signanter

817 4551 1066 4632 prefato
1114 4550 1413 4613 Johanne
1462 4549 1542 4612 de
1576 4548 1830 4612 Chahol
1859 4548 1941 4611 ad
1974 4548 2432 4630 possessiones
2456 4547 2606 4610 dicti
2654 4544 3052 4626 exponentiS,

641 3986 745 4028 1⁴50

598 4059 696 4114 Jan.
729 4057 795 4102 13.
