3475 5200
580 1869 594 1877 ὁ
616 1805 720 1849 14ΗΞ

560 1885 672 1937 maj*
700 1881 740 1921 3,

1711 311 2099 363 -276-

781 528 956 590 tione
1005 536 1068 589 et
1115 528 1456 590 collatione
1514 531 1756 592 castelli
1807 531 2245 609 Komogoyna
2293 537 2357 592 et
2403 532 2799 610 pertinentiis
2861 532 3024 595 eius-

781 635 954 713 dem,
1001 636 1154 699 item
1202 636 1625 715 magnificum
1674 637 2023 716 despotum
2070 638 2238 714 Vok,
2278 646 2351 701 et
2398 640 2732 718 egregium
2771 639 3028 702 Petrum

788 745 944 805 Unci
1009 760 1089 805 ac
1152 744 1316 805 alios
1382 750 1445 806 et
1510 744 1833 822 quoslibet
1898 745 2189 807 cuiusvis
2253 752 2466 813 status
2525 755 2587 808 et
2641 747 3031 812 conditionis

788 853 1084 913 homines
1152 851 1235 912 ab
1302 852 1772 930 impetratione,
1849 853 2303 932 occupatione,
2382 852 2759 915 detentione
2841 872 3026 916 usur·

788 957 1065 1037 petione,
1113 959 1588 1040 apropriatione
1635 959 1865 1039 prefati
1922 960 2165 1022 castelli
2232 961 2670 1041 Komogoyne
2734 968 2797 1024 et
2845 964 3031 1041 perti-

788 1065 1019 1127 nentiis
1050 1065 1366 1143 eiusdem,
1416 1083 1618 1147 seque
1664 1067 1845 1146 ipsos
1877 1068 2112 1147 quovis
2151 1068 2406 1147 quesito
2455 1069 2669 1130 colore
2717 1067 2781 1129 in
2831 1068 3032 1132 domi-

788 1173 968 1237 nium
998 1173 1292 1237 eiusdem
1333 1173 1834 1252 intromissione,
1870 1183 1934 1236 et
1972 1175 2228 1254 sibipsis
2256 1176 2758 1251 statuifactione‚
2788 1193 3033 1242 usuum

788 1298 1052 1361 quoque
1073 1308 1100 1320 ··
1121 1287 1184 1343 et
1252 1280 1583 1343 fructuum
1656 1298 1736 1343 ac
1811 1283 2241 1361 quarumlibet
2315 1283 2660 1345 utilitatum
2735 1284 3033 1347 eiusdem

792 1388 1202 1467 perceptione
1230 1405 1372 1449 sew
1395 1388 1918 1467 percipifactione
1951 1391 2423 1468 quoquomodo
2448 1390 2637 1452 factis
2667 1390 2771 1452 vel
2804 1391 3037 1453 fiendis

792 1496 1132 1577 prohibuit,
1182 1494 1685 1557 contradicendo
1735 1502 1799 1557 et
1840 1496 2223 1558 contradixit
2270 1497 2622 1559 inhibendo
2671 1497 2928 1577 publice
2975 1506 3037 1561 et

796 1603 1134 1665 manifeste
1200 1620 1421 1664 coram
1498 1603 1689 1665 nobis
1764 1602 2135 1665 testimonio
2214 1605 2613 1684 presentium
2688 1605 3031 1667 mediante.

796 1709 1036 1771 Datum
1066 1710 1129 1771 in
1164 1710 1336 1771 festo
1369 1711 1758 1773 inventionis
1805 1720 2031 1774 sancte
2084 1714 2313 1790 cruciS,
2353 1730 2528 1775 anno
2568 1714 2811 1776 domini
2843 1715 3035 1776 mille-

796 1821 964 1877 simo
1009 1818 1647 1897 quadringentesimo
1695 1820 2146 1899 octuagesimo
2195 1821 2508 1883 secundo.

1013 1977 1233 2039 Eredeti,
1270 1979 1435 2043 papir,
1474 1974 1741 2042 hatlapjitn
1779 1977 1962 2043 pecset
1999 1981 2317 2044 nyomaival.
2357 1981 2427 2031 M.
2457 1980 2519 2031 O.
2545 1982 2607 2031 D.
2640 1980 2697 2033 L.
2727 1982 2921 2033 34235.
2960 1996 3034 2033 sz.

1634 2266 2203 2330 CCCLXXXVIII.

1624 2460 1822 2527 1482.
1870 2467 2059 2545 szept.
2107 2461 2216 2526 25.

804 2625 1004 2689 hlaeilfaeis
1062 2622 1223 2688 kiritly
1281 2640 1311 2674 a
1366 2621 1539 2674 nemet
1594 2625 1885 2673 birodalom
1943 2620 2498 2688 vdlasztdsejedelmeit
2543 2625 2741 2675 Kinizsi
2781 2623 2971 2674 Pinnak
3007 2640 3036 2673 a

800 2715 1021 2762 turtjlzssk
1068 2713 1222 2762 solott
1267 2709 1489 2763 kivivott
1545 2711 1898 2778 gydzelmerol
1936 2710 2222 2775 tudositva,
2275 2716 2585 2779 megjegyzi,
2641 2716 2786 2779 hogy
2842 2715 3035 2764 Βοκω-

800 2805 1024 2853 mehnzet
1051 2804 1161 2853 volt
1190 2800 1459 2864 romaniai,
1485 2807 1625 2854 most
1653 2800 1927 2863 krufieyaci
1965 2802 2322 2865 (Szerbiaban)
2350 2804 2482 2853 basa
2505 2804 2550 2853 is
2575 2801 2840 2868 fogsagba
2859 2803 3031 2853 keriilt.

1016 2947 1086 2998 M.
1129 2947 1189 2998 K.
1233 2947 1287 2998 L.
1330 2947 1389 2997 K.
1431 2945 1493 2998 O.
1535 2944 1600 2998 11.
1644 2947 1763 2996 235.

1667 3252 2177 3315 CCCLXXXIX.

1506 3449 1722 3523 Buda,
1778 3446 1973 3512 1483.
2023 3449 2188 3510 dece.
2237 3446 2346 3511 21.

808 3610 1012 3674 Mfitfl'zs
1061 3609 1224 3675 kirdly
1264 3610 1617 3673 Belmosevity
1672 3610 1933 3659 Milosnak
1990 3608 2161 3672 Majsa
2199 3606 2256 3658 es
2302 3607 2510 3659 Pziznad
2565 3609 2864 3660 birtokokat
2922 3611 3040 3659 ado·

1774 3713 2082 3762 manyozza.

1019 3846 1158 3908 Nos
1228 3847 1509 3908 Mathias
1560 3845 1662 3908 dei
1711 3847 1917 3926 gratia
1972 3863 2085 3906 rex
2136 3845 2489 3924 Hungarie,
2545 3845 2857 3907 Bohemie
2922 3852 3038 3906 etc.

808 3955 1114 4018 memorie
1162 3956 1705 4017 commendamus
1752 3962 1975 4016 tenore
2010 3954 2406 4032 presentium
2439 3951 2880 4032 significantes
2911 3953 3038 4030 qui·

808 4066 932 4122 bus
998 4064 1254 4142 expedit
1325 4063 1665 4139 universiS,
1737 4065 1915 4141 quod
1982 4079 2105 4123 nos
2171 4062 2431 4123 attentis
2497 4070 2561 4122 et
2626 4058 3048 4121 consideratis

812 4170 1109 4232 fidelitate
1176 4177 1239 4231 et
1304 4171 1575 4232 servitiis
1624 4170 1855 4231 nobilis
1902 4169 2114 4245 M'ylos
2163 4168 2675 4248 Belmosowyth,
2735 4184 2864 4245 que
2911 4167 3047 4245 ipse

812 4282 1011 4339 medenis-
1046 4284 1109 4338 et
1155 4295 1355 4357 regno
1403 4285 1627 4338 nostro
1674 4277 1759 4338 ab
1799 4295 1877 4338 eo
1912 4283 2223 4355 tempore,
2274 4294 2405 4355 quo
2454 4277 2710 4337 deserta
2740 4273 3050 4335 societate

812 4398 872 4446 ct
920 4385 1219 4447 derelicto
1265 4385 1635 4446 Turcorum
1684 4384 2014 4462 obsequiis
2061 4385 2151 4444 ad·
2194 4384 2858 4460 observationemque*
2889 4381 3050 4442 chri·

812 4492 1149 4554 suauitatis
1197 4499 1258 4553 et
1305 4509 1454 4553 vere
1503 4492 1651 4553 fidei
1682 4492 1993 4570 confugit,
2043 4492 2332 4552 exhibuit
2364 4498 2427 4552 et
2465 4489 2796 4570 impendit,
2829 4491 3052 4552 volen-
