3475 5200
1694 352 2045 401 -.ιθ-

1731 569 2007 634 XCVIII.

1429 748 1679 824 Zinike‚
1732 748 1926 812 1404.
1975 753 2165 829 szept.
2218 749 2323 828 15.

745 891 982 942 Wlkasin
1019 889 1138 941 racz
1178 888 1340 954 kiraly
1381 891 1464 951 fia,
1505 887 1769 951 Demeter,
1808 887 2126 953 viligosvari
2166 887 2401 954 varnagy
2439 887 2498 940 es
2536 887 2751 941 zarandi
2781 888 2995 955 foispan

920 978 1049 1031 e16tt
1085 976 1288 1029 Audi-as
1327 979 1410 1039 fia,
1450 977 1638 1028 Laszlo
1678 975 1735 1028 es
1776 977 2042 1029 Husteleki
2082 978 2207 1030 Elek
2242 977 2563 1043 egyezse'get
2601 981 2829 1031 1ῑόωι31ι.Ἰ

963 1090 1140 1166 „Nos
1189 1090 1556 1153 Demetrius
1613 1091 1786 1151 filius
1843 1088 2201 1151 Wlkassini
2257 1090 2425 1167 regis
2474 1108 2550 1151 ac
2599 1090 2995 1152 castellanus

742 1199 822 1262 de
859 1199 1242 1278 Vilagusvar
1274 1214 1396 1258 nec
1445 1214 1576 1259 non
1628 1213 1853 1258 comes
1901 1198 2251 1258 comitatus
2285 1196 2364 1258 de
2397 1196 2653 1259 Zarand
2685 1197 2995 1259 memorie

742 1306 1288 1369 commendamus
1336 1321 1449 1384 per
1495 1311 1853 1383 presenteS,
1903 1303 2081 1382 quod
2130 1304 2471 1365 LadIslaus
2518 1305 2687 1366 filius
2734 1305 2995 1367 Andree

740 1414 825 1474 ab
872 1430 1025 1486 una,
1085 1420 1262 1490 parte
1318 1428 1474 1473 vero
1522 1429 1603 1472 ex
1650 1412 1851 1472 altera
1905 1410 2174 1472 Elexius
2230 1411 2312 1472 de
2374 1410 2714 1473 Hustellek
2769 1429 3037 1473 coram.

741 1520 934 1581 nobis
966 1516 1388 1598 personaliter
1421 1518 1753 1579 constituti
1787 1526 1851 1578 et
1879 1515 2166 1580 confessi
2200 1525 2375 1593 sunt,
2410 1519 2586 1597 quod
2620 1520 2781 1580 inter
2811 1518 2995 1597 ipsos

740 1626 864 1687 litis
912 1626 1178 1687 materia
1226 1633 1286 1686 et
1334 1625 1779 1686 controversia
1825 1625 2069 1686 diutius
2118 1624 2347 1712 fuisset
2394 1627 2719 1702 ventilata,
2771 1633 2991 1687 tamen

743 1749 855 1812 per
899 1731 1335 1794 ordinationes
1384 1732 1732 1793 multorum
1784 1732 2069 1793 virorum
2117 1732 2426 1792 nobilium
2469 1734 2531 1792 in
2568 1733 2765 1795 talem
2807 1734 2993 1812 pacis

733 1839 1159 1902 'devenissent
1207 1839 1542 1914 unionem,
1594 1840 1772 1916 quod
1821 1839 2090 1899 Alexius
2147 1847 2502 1901 annotatus
2559 1840 2772 1902 literas
2830 1859 2993 1902 suas

742 1947 905 2008 inter
956 1948 1134 2025 ipsos
1200 1953 1539 2007 emanatas
1604 1963 1680 2007 ac
1749 1953 2010 2006 centum
2063 1947 2346 2008 florenos
2395 1964 2515 2008 nec
2571 1965 2703 2009 non
2749 1948 2990 2009 ,medie—

739 2061 939 2115 tatem
1013 2071 1328 2131 equarum
1401 2053 1798 2132 equitialium
1872 2054 2207 2133 assignare
2284 2056 2775 2134 assumpsisset,
2846 2055 2991 2115 vice

741 2163 966 2224 iterata
1026 2161 1367 2222 Ladislaus
1433 2160 1721 2239 prefatus
1779 2178 1882 2222 res
1947 2161 2328 2223 affectuales
2397 2169 2461 2223 et
2530 2162 2691 2224 alias
2750 2179 2992 2224 causas

740 2270 948 2331 eidem
1012 2269 1278 2346 reliquit,
1329 2277 1391 2330 et
1438 2287 1670 2331 omnes
1729 2286 1970 2330 causas
2028 2286 2238 2347 usque
2285 2269 2462 2330 hunc
2510 2269 2765 2331 habitas
2812 2286 2990 2331 corn-

711 2360 715 2364 ’
740 2376 1072 2438 misissent
1090 2377 1298 2437 banas
1319 2371 1483 2457 (igy)
1504 2393 1734 2438 cassas
1756 2384 1817 2437 et
1840 2377 2083 2438 viribus
2104 2378 2438 2453 carituraS,
2452 2378 2556 2438 tali
2579 2376 2989 2455 obligamine‚

741 2491 811 2545 ut
836 2485 930 2545 sic
962 2503 1002 2545 a
1027 2485 1302 2562 partium
1332 2483 1684 2572 predictam
1712 2484 2251 2562 compositionem
2287 2482 2629 2562 Infringere
2662 2483 2987 2559 niteretur,

741 2608 824 2651 ex
863 2598 1016 2651 tunc
1051 2591 1192 2652 talis
1240 2610 1391 2671 pars
1439 2600 1666 2653 contra
1713 2600 1959 2671 partem
2007 2590 2408 2654 tollerantem
2444 2590 2753 2652 iudicium
2790 2592 2989 2653 maie-

742 2699 926 2759 statis
975 2700 1156 2759 salva
1214 2701 1510 2779 portione
1575 2699 1804 2761 iudicis
1870 2699 2359 2772 convincantur,
2410 2698 2495 2758 ad
2542 2698 2721 2776 quod
2769 2706 2987 2778 partes

743 2813 1105 2884 spontanea
1143 2823 1214 2867 se
1246 2808 1694 2886 obligaverunt
1744 2808 2095 2869 voluntate.
2148 2807 2389 2869 Datum
2439 2807 2501 2867 in
2549 2800 2797 2882 Zinike,
2832 2804 2990 2867 feria

741 2913 1035 2973 secunda
1111 2915 1406 2992 proxima
1485 2921 1634 2992 post
1705 2914 1945 2975 festum
2011 2915 2420 2976 exaltationis
2485 2919 2710 2974 sancte
2777 2913 2988 2974 crucis

740 3037 918 3081 anno
964 3020 1204 3082 domini
1255 3021 1876 3099 quatringentesimo
1924 3002 2129 3082 1111⁰“.'

957 3143 1176 3202 Eredeti,
1215 3144 1381 3207 papir,
1420 3142 1556 3206 aljan
1595 3144 1814 3192 viaszba
1852 3150 2093 3207 nyomott
2137 3140 2405 3206 pecsettel,
2454 3158 2483 3192 a
2529 3158 2603 3207 gr.
2652 3138 2864 3204 E'rdody
2910 3156 2986 3191 cs.

742 3231 980 3296 galgoczi
1017 3230 1386 3294 leve'ltarabam
1429 3232 1553 3283 Lad.
1595 3234 1679 3283 98.
1721 3233 1849 3282 fasc.
1892 3235 1976 3283 26.
2018 3231 2112 3283 No,
2154 3233 2201 3282 6.

567 3003 668 3044 1404

507 3076 634 3128 szept
653 3076 720 3117 15.

1749 3450 1972 3514 XCIX.

1409 3626 1704 3710 Zolyom,
1756 3628 1931 3690 1404
1996 3627 2161 3691 decz.
2212 3628 2317 3691 13.

741 3751 1024 3815 Zsigmond
1046 3750 1211 3816 kiraly
1242 3752 1395 3801 Garai
1425 3749 1617 3802 Miklos
1647 3749 1919 3801 nadornak
1939 3748 1996 3799 es
2017 3747 2362 3811 testverenek,
2384 3749 2669 3811 Janosnak,
2700 3752 2986 3801 tekintettel

739 3840 934 3890 azokra
970 3855 1033 3890 az
1071 3838 1387 3901 erdemekre,
1433 3841 1692 3904 melyeket
1739 3841 2037 3904 maguknak
2076 3854 2106 3889 a
2144 3837 2344 3889 macsoi
2394 3838 2595 3905 bansdg
2642 3837 2987 3891 vedelmeben

738 3945 770 3979 a
807 3928 1091 3981 Horvzitiak
1129 3928 1399 3980 tamudasa
1435 3928 1744 3981 alkalmiwal
1773 3945 1802 3978 a
1830 3928 2109 3980 raczokkal
2148 3931 2402 3981 szemben
2441 3931 2726 3993 szereztek,
2754 3928 2989 3981 tovabbit

727 4021 1027 4094 *tekintettel
1083 4021 1236 4070 Garai
1295 4019 1586 4071 Miklosnak
1635 4036 1665 4070 a
1711 4033 1929 4084 magyar
1983 4022 2185 4071 korona
2241 4017 2698 4082 Iennhatosagatol
2746 4016 2987 4084 elpiistolt

741 4108 905 4159 Lazar
942 4108 1060 4160 racz
1100 4111 1478 4174 sejedelemnek
1516 4106 1918 4159 behodoltatinsa
1955 4109 2120 4170 koriil,
2160 4109 2548 4159 nemkiilonben
2578 4123 2608 4157 a
2636 4108 2809 4158 Mutat
2846 4108 2985 4159 szul-

738 4197 932 4248 tannak
972 4197 1136 4248 Lazfir
1174 4199 1448 4263 fejedelem
1475 4197 1608 4249 ellen
1634 4197 1852 4248 intezett
1890 4196 2161 4261 hadjarata
2198 4195 2523 4258 alkalmavsd,
2550 4198 2741 4261 melyet
2770 4195 2987 4248 Horvati

743 4285 904 4337 Janos
944 4287 1317 4350 felhasznalva,
1348 4304 1377 4338 a
1404 4286 1602 4338 macsoi
1641 4286 1905 4350 bansagot
1942 4284 2310 4350 megtitmadta,
2351 4303 2382 4336 a
2420 4285 2635 4336 Horvati
2660 4286 2825 4337 Jfinos
2850 4286 2984 4337 ellen

741 4380 966 4425 szerzett
1002 4375 1303 4440 erdemeire,
1324 4378 1573 4427 valamint
1612 4378 1900 4427 tekintettel
1937 4377 2094 4426 Garai
2124 4374 2391 4427 simosnak
2413 4392 2445 4426 a
2464 4376 2685 4427 torokok
2716 4374 2775 4427 e's
2793 4374 2988 4427 raczok

740 4466 892 4515 elleni
918 4467 1248 4515 harczokban
1274 4463 1551 4517 tanusitott
1571 4464 1893 4531 vitezsegere
1920 4483 1951 4515 a
1977 4464 2089 4515 Vas
2110 4463 2499 4532 varmegyeben
2526 4452 2695 4517 'fekv6
2734 4465 2985 4517 Rohoncz

1237 4554 1381 4606 varst
1417 4556 1791 4619 tartozekaival
1827 4557 2011 4621 egyiitt
2047 4554 2464 4621 adornenyozza.
