3475 5200
1589 341 1979 395 —170—

659 557 1072 640 Stephanum
1120 559 1204 621 de
1249 559 1449 639 Alpar
1480 568 1542 622 et
1573 559 1905 624 Thomam
1937 559 2019 623 de
2051 558 2298 623 Salank
2328 561 2413 622 ad
2445 565 2719 624 octavas
2758 560 2902 624 festi

426 676 537 731 ³¹⁶1.
571 678 609 721 ι.
658 666 831 730 beati
879 665 1139 746 Georgii
1185 664 1460 728 martiris
1506 683 1684 729 nunc
1731 667 2026 747 proxime
2072 669 2327 730 venturi
2385 666 2450 729 in
2511 668 2689 729 curia
2734 669 2905 747 regia

658 775 722 836 in
787 773 1181 855 presentiam
1246 771 1490 835 domini
1555 775 1757 837 nostri
1824 776 1994 855 regis
2058 775 2375 838 rationem
2439 774 2903 854 premissorum

659 880 982 945 reddituri.
1049 880 1447 946 insinuando
1512 882 1749 945 ibidem
1814 882 2062 945 eisdem
2128 890 2201 945 ut
2264 884 2403 945 sive
2447 883 2715 944 veniant
2769 881 2904 946 sive

657 1005 813 1067 non,
880 990 1178 1052 absentia
1224 990 1514 1070 ipsorum
1582 997 1645 1052 et
1709 991 1816 1053 lite
1883 990 2207 1071 pendente
2251 981 2311 1052 si
2357 1008 2489 1069 qua
2552 989 2718 1053 soret
2774 1006 2903 1051 non

657 1097 960 1160 obstante
1027 1097 1333 1161 dominus
1381 1105 1603 1161 noster
1648 1115 1764 1160 rex
1810 1097 1896 1160 ad
1942 1097 2142 1178 partis
2181 1098 2618 1178 comparentis
2665 1097 2900 1159 instan-

656 1204 810 1266 tiam
858 1204 1048 1267 faciet
1103 1205 1166 1267 in
1225 1205 1557 1285 premissis
1620 1205 1681 1268 id
1752 1206 1929 1285 quod
1990 1206 2106 1268 iuri
2152 1204 2476 1267 videbitur
2527 1203 2899 1284 expediens

657 1310 741 1373 Et
788 1319 939 1392 post
985 1312 1110 1375 hec
1155 1313 1530 1376 huiusmodi
1588 1312 2021 1393 inquisitionis
2080 1330 2339 1375 necnon
2395 1312 2796 1374 evocationis
2839 1318 2904 1373 et

658 1419 1114 1482 insinuationis
1145 1422 1375 1483 seriem
1408 1422 1579 1483 dicto
1611 1420 1881 1484 domino
1915 1428 2140 1483 nostro
2172 1421 2305 1500 regi
2348 1437 2501 1482 cum
2532 1417 2903 1482 nominibus

658 1535 1082 1616 evocatorum
1129 1537 1400 1591 octavas
1445 1528 1532 1591 ad
1578 1529 1852 1591 easdem
1901 1529 2172 1592 fideliter
2218 1527 2603 1590 rescribatis.
2662 1525 2901 1588 Datum

658 1633 722 1702 in
770 1633 1078 1697 Helmecz
1126 1635 1283 1698 feria
1331 1637 1512 1698 tertia
1559 1634 1858 1716 proxima
1913 1643 2063 1716 post
2119 1634 2361 1698 festum
2418 1633 2901 1697 resurrectionis

481 1783 586 1827 ¹453
658 1741 903 1804 domini
949 1759 1125 1804 anno
1172 1743 1465 1805 eiusdem
1513 1743 1854 1806 millesimo
1895 1742 2535 1823 quadringentesimo
2583 1742 2900 1821 quinqua-

438 1856 537 1910 apr.
567 1856 612 1900 ³·
657 1847 1000 1911 Valeriani.
1047 1852 1299 1928 gesimo
1346 1851 1546 1913 tertia.

438 2017 537 2071 apr.
571 2016 635 2060 ¹⁶-
871 2008 1108 2073 Kivul:
1127 2010 1367 2092 Regius
1396 2012 1737 2074 Ladislaus
1769 2012 1851 2075 de
1881 2012 2113 2075 Mehez
2144 2020 2366 2075 noster
2396 2012 2591 2075 frater
2609 2011 2902 2075 Andreas

657 2118 867 2181 iunior
911 2119 976 2181 in
1032 2119 1633 2198 Abawywariense,
1681 2138 1761 2182 ac
1807 2119 1910 2183 die
1950 2120 2277 2182 dominica
2323 2127 2470 2201 post
2502 2119 2810 2182 Thiburci
2841 2127 2902 2181 et

423 2177 608 2232 *κη’
657 2225 899 2288 Datum
946 2235 1176 2306 quarto
1225 2227 1346 2290 die.

873 2385 1098 2447 Eredeti,
1135 2387 1305 2453 papir,
1345 2383 1574 2437 zarlatan
1624 2384 1807 2452 pecset
1844 2384 2216 2438 toredekeivel.
2256 2387 2457 2447 Lelesz,
2507 2391 2744 2438 actorum
2782 2387 2902 2436 anni

669 2473 819 2525 1453.
867 2474 965 2525 No.
1005 2477 1092 2526 36.

1652 2728 1900 2793 CCXL.

1421 2940 1602 3021 Be'cs‚
1651 2934 1848 3005 1453.
1889 2940 2042 3024 jaein.
2092 2940 2152 3004 4.

664 3112 718 3162 V.
761 3110 949 3164 Laszlo
977 3111 1156 3179 kiraly
1193 3110 1491 3178 megerdsiti
1531 3113 1675 3164 Keve
1713 3110 1874 3163 varos
1911 3110 2020 3177 regi
2056 3109 2388 3176 lxix-altsagat,
2428 3108 2656 3177 melynel
2691 3111 2854 3176 fogva
2877 3126 2906 3160 a

1159 3203 1496 3265 harminczad
1533 3204 1747 3253 flzetese
1785 3201 1891 3253 alol
1927 3201 2004 3263 561
2042 3217 2144 3252 van
2181 3206 2405 3252 mentve.

875 3366 1136 3429 Magdics:
1179 3365 1210 3416 i.
1238 3365 1308 3423 h..
1339 3364 1565 3415 27—28.
1599 3391 1666 3399 --
1685 3362 1746 3416 V.
1789 3366 1841 3415 ὃ.
1867 3380 1899 3413 a
1918 3362 2191 3415 CLXXIX.
2219 3378 2296 3415 sz.
2328 3359 2619 3413 oklevellel.
2652 3361 2904 3427 Ugyanaz

658 3470 764 3519 nap
804 3455 908 3505 kelt
943 3452 1196 3504 levelevel
1232 3454 1292 3505 V.
1333 3451 1522 3504 Laszlo
1561 3452 1744 3519 kiraly·
1768 3453 2091 3504 Brankovics
2130 3451 2351 3517 Gyorgy
2384 3450 2505 3502 πᾶσι
2544 3448 2903 3517 deszpotlmak

658 3542 718 3593 e's
755 3542 974 3595 Albania
1012 3541 1209 3595 uranak
1246 3545 1575 3610 meghagyja,
1614 3544 1762 3608 hogy
1802 3543 1944 3593 Keve
1982 3540 2139 3593 varos
2189 3542 2472 3592 lakosaitol
2513 3541 2909 3591 harminczadot

659 3649 725 3684 ne
764 3635 1012 3698 szedjens
1036 3649 1087 3685 u.
1127 3649 1176 3684 0.
1218 3634 1445 3685 29-30.

1640 3918 1910 3982 CCXLI.

1409 4133 1590 4210 Becs,
1652 4132 1846 4197 1453.
1883 4131 2038 4216 jan.
2086 4133 2148 4197 4.

658 4315 717 4365 V.
761 4313 951 4365 Laszlo
990 4312 1157 4380 kirffly
1193 4313 1337 4366 Keve
1376 4311 1532 4365 varos
1568 4314 1795 4364 lakosait
1832 4311 2203 4364 mindennemfi
2248 4313 2351 4364 ado
2390 4310 2605 4364 fizete‘se
2654 4310 2759 4362 alol
2804 4310 2905 4361 sdi-

926 4406 1088 4457 menti
1125 4402 1182 4455 es
1222 4402 1345 4455 6ket
1384 4420 1446 4455 az
1483 4404 1672 4469 idegen
1711 4401 1858 4454 birak
1890 4401 2245 4468 joghatosaga
2282 4402 2385 4454 alol
2423 4402 2641 4454 kiveszi.

872 4551 1144 4615 Magdics:
1184 4551 1217 4601 i.
1257 4546 1334 4610 h.,‘
1365 4549 1594 4601 :zo—⁶32.
