3475 5200
1443 365 1689 418 —269
1767 395 1831 404 —

516 594 673 650 sunt
717 590 984 666 paratus
1016 584 1239 647 moliri.
1288 582 1538 647 Eorum
1590 586 1858 648 consilia
1909 585 2030 647 hec
2062 601 2231 663 esse,
2280 594 2351 649 ut
2404 604 2555 650 curn
2589 606 2755 651 sero-

509 694 782 758 nissimo
833 692 1166 771 Hungarie
1233 708 1384 771 rege
1451 693 1824 772 confligant,
1890 692 1945 755 si
2010 709 2125 754 rex
2179 694 2525 774 confligere
2572 713 2751 758 recu-

509 801 767 878 saverit,
816 817 933 863 eos
996 800 1554 879 expugnationem
1622 798 1920 879 Belgradi
1964 801 2117 863 totis
2165 800 2411 864 viribus
2474 808 2751 867 tentam*

512 925 624 971 ros
679 924 846 970 esse.
912 906 1054 969 Hec
1121 907 1447 970 habemus
1503 924 1630 986 que
1685 907 2048 969 celsitudini
2111 915 2324 970 vestre
2389 908 2751 989 significare

505 1032 623 1096 pro
687 1014 818 1077 fide
881 1020 1107 1077 nostra
1151 1015 1502 1077 voluimus.
1569 1015 2001 1095 Imposterum
2059 1032 2100 1075 a
2145 1016 2465 1078 scribendi
2531 1017 2751 1081 officio

504 1139 640 1185 non
689 1122 1100 1185 desistemus.
1147 1120 1411 1184 Incuius
1441 1120 1754 1184 mandata
1783 1122 1985 1202 parati
2032 1140 2283 1185 sumus.
2329 1121 2434 1186 Ex
2465 1124 2747 1203 Ragusio
2827 1185 2931 1225 ΗΜ

504 1230 609 1292 <110
656 1228 739 1291 VI
785 1228 1002 1309 aprilis
1047 1227 1633 1292 MCCCCLXXVI.
2791 1257 2887 1309 apr.
2919 1257 2959 1301 a.

718 1372 1096 1436 Serenitatis
1140 1379 1358 1435 vestre
1406 1371 1871 1436 devotissimus
1918 1375 2192 1436 servitor

1708 1541 1917 1597 rector
1963 1545 2025 1597 et
2076 1534 2419 1597 consilium
2466 1535 2743 1615 Ragusii.

713 1729 952 1794 Kivic’l:
995 1729 1424 1794 Serenissimo
1470 1730 1737 1811 principi
1786 1739 1850 1794 et
1896 1731 2437 1794 excellentissimo
2479 1732 2743 1795 domino

500 1839 1102 1902 observandissime
1178 1839 1445 1915 domino
1520 1838 1777 1902 Andree
1849 1836 2292 1902 Vendramino
2367 1838 2469 1901 dei
2541 1841 2743 1918 gratia

496 1945 917 2008 venetiarum
964 1954 1086 2008 ete.
1137 1945 1286 2008 duci
1334 1946 1592 2024 inclyto.

711 2101 926 2167 Mnand,
965 2092 1026 2157 Ᾰ.
1070 2104 1124 2155 L.
1165 2104 1218 2155 P.
1259 2104 1316 2156 Ε.

1410 2444 1813 2514 (ΞΟΟΙέΧΧΙ.

1220 2657 1419 2723 1476.
1466 2673 1622 2743 aug.
1668 2658 1773 2723 16.
1820 2658 2006 2723 utdn.

490 2849 645 2899 Botta
682 2845 900 2910 Lenem,
957 2845 1148 2899 Sforza
1196 2845 1433 2899 Ferencz
1489 2845 1702 2898 milanoi
1757 2848 1981 2912 herczeg
2037 2849 2223 2898 k6vete
2279 2850 2505 2900 kozolve
2558 2847 2735 2901 urium!

490 2945 701 2998 Bathori
736 2945 916 2998 Istvim
953 2944 1368 3010 orszagbironak
1410 2947 1561 2998 1476.
1601 2962 1718 3011 aug.
1767 2944 1921 2996 16-im
1960 2962 1991 2995 a
2027 2946 2287 2998 Berekszo
2323 2948 2536 2998 melletti
2561 2947 2731 3000 tabor-

489 3043 582 3096 bol
617 3043 826 3110 Mittyas
862 3043 1132 3109 kiralyhoz
1168 3043 1383 3095 intezett
1405 3043 1609 3107 levelet,
1648 3046 1817 3095 ennek
1856 3042 2062 3110 alapjz'm
2101 3041 2312 3107 ertesiti‚
2369 3048 2515 3111 hogy
2549 3046 2731 3114 Alibaig

489 3141 737 3194 szendro'i
773 3144 905 3193 basa
941 3141 1143 3193 dtkelve
1183 3159 1214 3192 a
1253 3141 1455 3205 Duni'm,
1495 3143 1851 3193 5000—6000
1887 3140 2040 3208 f6nyi
2076 3145 2315 3208 sereggel
2339 3142 2496 3208 egesz
2521 3144 2731 3196 Temes-

487 3239 637 3307 varig
661 3238 970 3306 pusztitotta
1005 3256 1067 3291 az
1107 3238 1381 3305 orszagot3
1420 3238 1834 3291 visszaterteben
1878 3241 2200 3291 Brankovics
2240 3242 2353 3292 Vuk
2390 3243 2543 3293 szerb
2581 3245 2731 3294 desa-

876 3344 1005 3404 pota
1040 3335 1175 3403 utjat
1211 3337 1407 3401 allotta,
1463 3340 1827 3404 megiitkozott
1861 3340 1978 3390 vele
2015 3356 2042 3390 s
2078 3338 2338 3405 legy6zte.

699 3556 714 3572 .
764 3560 794 3601 .,
829 3559 845 3576 .
892 3510 1069 3588 Ecci,
1135 3529 1379 3574 ancora
1424 3512 1486 3572 la
1533 3529 1709 3574 nova
1773 3511 1854 3573 de
1916 3518 2106 3590 rupta
2152 3511 2234 3573 de
2281 3513 2512 3593 Alibeg
2556 3513 2727 3576 facta

483 3646 598 3708 per
642 3629 706 3690 10
754 3627 1013 3708 dispoto
1060 3626 1141 3689 de
1190 3624 1415 3689 Servia
1481 3627 1682 3689 homo
1749 3627 1852 3689 (101
1916 3628 2136 3706 signor
2191 3645 2257 3690 re
2305 3635 2367 3691 et
2414 3647 2529 3709 per
2574 3632 2727 3694 altre

481 3751 675 3824 gente
740 3744 801 3805 di
869 3761 994 3806 sua
1050 3743 1321 3806 maesta.
1387 3743 1618 3823 Alibeg
1665 3742 1698 3804 ὲ
1747 3761 1838 3804 un
1885 3761 2046 3823 gran
2110 3744 2314 3807 bossa
2361 3744 2461 3808 del
2509 3746 2727 3810 Turco

483 3868 546 3923 et
594 3858 681 3922 ha
723 3860 789 3922 lo
834 3860 1132 3940 guberno
1199 3860 1282 3921 de
1349 3857 1624 3922 Smedro
1672 3866 1735 3921 et
1784 3860 1975 3938 quasi
2022 3861 2104 3922 de
2149 3867 2331 3923 tucta
2376 3862 2439 3922 la
2485 3860 2723 3924 Servia.

481 3975 735 4055 Questo
800 3975 995 4037 havia
1059 3982 1327 4055 passato
1373 3977 1438 4038 lo
1485 3974 1790 4037 Danubio
1850 3993 2004 4038 cum
2050 3976 2282 4055 cinque
2329 3994 2370 4038 o
2417 3977 2508 4039 sei
2555 3978 2723 4039 milia

481 4090 724 4154 Turchi
791 4098 856 4152 et
920 4091 1115 4152 havia
1163 4093 1337 4153 facta
1399 4109 1535 4153 una
1600 4091 1971 4155 incursione
2019 4092 2083 4154 in
2131 4098 2364 4170 questo
2413 4110 2613 4172 regno
2662 4109 2723 4154 et

477 4207 892 4287 potissimum
958 4208 1018 4269 in
1078 4226 1212 4270 una
1265 4215 1433 4271 terra
1481 4209 1808 4271 chiamata
1853 4207 2245 4271 Themisvar
2289 4217 2354 4272 et
2400 4209 2719 4274 tornandi]

477 4323 749 4386 indrieto
799 4342 947 4387 com
994 4324 1057 4385 la
1103 4325 1303 4404 preda
1354 4327 1419 4387 lo
1468 4324 1725 4405 dispoto
1794 4342 1942 4387 com
1992 4327 2051 4386 10
2098 4325 2465 4405 supradicte
2529 4335 2719 4405 gente

475 4440 515 4501 li
581 4438 755 4502 ando
821 4440 1042 4503 drieto.
1108 4440 1218 4502 Ma
1277 4458 1410 4503 non
1459 4459 1659 4503 erano
1706 4442 1766 4502 10
1812 4449 2009 4521 gente
2073 4442 2297 4503 havia.
2332 4443 2394 4505 lo
2462 4443 2719 4522 dispotr:¹

475 4574 629 4618 cum
677 4573 748 4618 se
795 4556 982 4636 quasi
1033 4558 1207 4618 nulla
1254 4575 1295 4618 a
1342 4557 1827 4636 comparatione
1870 4556 1951 4619 (10
1985 4559 2192 4636 quelle
2226 4558 2438 4620 havea
2469 4558 2715 4637 Alibeg‚
