3475 5200
1370 303 1614 358 -231
1692 333 1761 345 --

439 530 520 593 de
583 531 645 591 la
710 527 1071 590 visitatione
1137 542 1252 606 per
1316 526 1403 587 mi
1469 523 1642 587 facta
1705 541 1822 606 per
1886 541 2081 587 nome
2147 524 2228 587 de
2301 524 2364 585 la
2411 524 2691 588 serenita

435 643 678 713 vostra,
726 636 963 698 chome
1008 634 1092 697 de
1137 631 1254 696 tut’
1305 633 1463 695 altre
1510 648 1704 695 cosse
1736 631 1826 694 fin
1862 632 2013 712 quel
2041 633 2270 712 giorno
2312 640 2689 696 occorrente

437 744 646 824 degne
710 744 793 806 de
858 741 1264 805 advisatione
1341 747 1462 803 etc.
1551 739 1761 819 Dapoi
1837 747 2074 819 questo
2150 739 2688 804 reverendissimo

437 852 659 933 signor
701 852 915 931 legato
963 868 1005 910 a
1050 849 1113 912 di
1160 847 1272 909 XII
1319 848 1422 910 del
1469 848 1752 911 instante
1808 845 1889 910 de
1939 847 2001 908 la
2045 844 2270 910 Servia
2306 848 2417 928 qui
2449 847 2688 910 ritorno
2708 871 2882 916 marea.
2905 872 2975 916 12.

436 960 689 1039 absque
736 957 951 1036 aliqua
999 955 1441 1032 conclusione,
1491 953 1660 1018 circa
1705 954 1768 1015 la
1815 954 2099 1033 materia,
2146 956 2229 1017 de
2258 956 2320 1016 la
2351 956 2541 1033 quale
2574 973 2688 1036 per

437 1068 561 1130 mie
586 1069 667 1129 de
692 1063 978 1127 XXVIIII
1017 1064 1100 1127 de
1139 1080 1380 1126 zenaro
1422 1079 1504 1124 ne
1537 1062 1785 1124 advisai
1817 1063 1882 1124 13
1911 1061 2239 1124 sublimita
2266 1069 2487 1124 vostra
2518 1069 2584 1126 et
2627 1064 2685 1125 le
2729 1069 2828 1124 inn-
2848 1068 2920 1114 20-

432 1176 633 1238 littere
681 1173 914 1237 sorono
961 1170 1268 1236 mandate
1300 1187 1416 1251 per
1460 1170 1524 1230 la
1553 1169 1659 1231 via
1691 1168 1773 1231 de
1805 1169 2014 1233 Viena
2043 1169 2296 1249 alligate
2327 1170 2412 1232 ad
2449 1172 2683 1234 alcune

436 1284 516 1346 de
563 1287 796 1361 questo
862 1265 1403 1342 reverendissimo
1467 1278 1690 1358 signor
1752 1277 1969 1357 legato
2036 1275 2335 1342 directive
2391 1279 2476 1340 ad
2540 1281 2685 1342 Ale-

438 1390 688 1453 xandro
708 1388 997 1464 Martelli,
1031 1387 1154 1449 che
1186 1384 1462 1449 faceano
1493 1386 1821 1448 mentione
1854 1386 2016 1447 inter
2046 1386 2171 1450 alia
2203 1383 2683 1466 chomoquesti

437 1496 672 1577 signori
718 1494 1129 1576 governador
1174 1501 1238 1556 et
1261 1494 1484 1584 baroni
1520 1494 1971 1557 affermavano
2001 1494 2057 1556 el
2090 1494 2370 1557 condam
2407 1495 2683 1576 despoto

437 1607 685 1669 Lazaro
723 1604 951 1667 ultimo
984 1604 1186 1666 haver
1215 1602 1552 1679 ordenat0,
1586 1600 1729 1664 chel
1765 1609 1937 1665 stato
1968 1620 2095 1668 suo
2127 1603 2310 1666 fusse
2348 1603 2682 1683 assignato

437 1714 498 1776 in
547 1729 744 1775 mano
815 1711 918 1774 del
980 1709 1232 1791 prefato
1300 1708 1839 1772 reverendissimo
1885 1711 2101 1790 legato
2158 1717 2274 1790 etc.
2339 1709 2578 1776 Tiense
2626 1714 2683 1776 el

435 1821 606 1883 dicto
654 1827 826 1883 stato
872 1819 933 1880 31
979 1824 1280 1899 presente
1328 1835 1444 1898 per
1488 1819 1551 1880 la
1597 1818 1774 1880 dona
1822 1825 1883 1880 et
1931 1834 2064 1880 una
2112 1818 2264 1881 fiola
2311 1819 2380 1882 fo
2412 1820 2514 1882 del
2545 1837 2683 1901 pre-

435 1929 569 1990 fato
616 1927 952 2006 quondam
999 1926 1269 2004 Lazaro,
1317 1925 1507 2004 quale
1549 1924 1584 1987 ὲ
1617 1923 1680 1987 in
1729 1922 1987 1987 Sandru
2034 1926 2341 2006 principal
2388 1933 2553 1989 terra
2601 1928 2682 1989 de

434 2037 495 2097 la
542 2033 785 2099 Servia.
834 2032 893 2098 E
926 2051 1007 2096 ne
1058 2033 1252 2096 etlam
1291 2049 1426 2094 uno
1460 2033 1709 2095 fratello
1750 2034 1854 2096 del
1885 2033 2136 2114 prefato
2176 2033 2399 2113 signor
2428 2036 2682 2114 despoti

435 2144 556 2206 che
604 2142 639 2204 e
687 2143 933 2218 ciech0,
984 2159 1117 2204 non
1174 2160 1291 2220 par
1337 2141 1507 2204 dicta
1554 2141 1728 2203 dona
1777 2141 1839 2203 in
1889 2141 2272 2221 disposition
2318 2141 2554 2204 alcuna
2600 2143 2679 2203 de

433 2250 759 2314 adherirse
807 2251 890 2313 ad
939 2249 1252 2329 Hungari,
1288 2250 1473 2312 salvo
1512 2248 1575 2310 in
1610 2248 1744 2311 dire
1777 2265 2054 2329 semper,
2090 2249 2490 2329 possendolo
2524 2250 2683 2327 fare,

432 2360 610 2422 voler
657 2357 933 2421 favorire
980 2375 1020 2418 a
1068 2357 1412 2420 christiani.
1457 2355 1824 2419 Summarie
1872 2373 2073 2438 assay
2106 2358 2192 2419 ha
2244 2357 2420 2420 facto
2451 2358 2510 2420 el
2543 2375 2680 2437 pre·

432 2467 567 2529 fato
614 2465 836 2546 signor
878 2467 1094 2545 legato
1125 2483 1166 2526 a
1217 2464 1543 2543 ritornare,
1591 2465 1874 2528 maxime
1923 2464 2207 2528 essendo
2249 2466 2459 2545 quelle
2500 2474 2677 2547 parte

434 2573 517 2636 da
585 2573 737 2655 ogni
803 2580 998 2636 canto
1064 2571 1293 2636 fomite
1360 2573 1443 2639 de
1506 2571 1567 2635 T
1568 2572 1772 2651 urchi,
1839 2571 2200 2636 advisando
2264 2572 2327 2635 13
2397 2574 2680 2655 signoria

431 2688 673 2756 vostra,
722 2681 843 2743 che
891 2697 1026 2742 uno
1074 2680 1528 2744 ambassatore
1576 2680 1655 2743 de
1704 2686 1943 2761 questo
1975 2661 2402 2745 illustriSeimo
2451 2700 2678 2762 gover-

433 2786 657 2865 nador,
705 2789 896 2867 quale
942 2804 1057 2868 per
1122 2804 1275 2851 esso
1342 2788 1882 2851 reverendissimo
1948 2790 2164 2869 legato
2210 2788 2294 2851 da
2361 2790 2677 2870 Belgrado

431 2895 499 2958 fo
548 2895 859 2958 mandato
906 2913 1042 2959 uno
1104 2896 1334 2976 giorno
1401 2895 1618 2958 avanti
1687 2916 1728 2958 a
1774 2896 1861 2958 lui
1907 2916 1947 2958 a
1994 2895 2252 2960 Sandru
2298 2916 2338 2959 a
2386 2900 2681 2962 notificar

431 3001 716 3065 l’andata
761 3021 906 3079 sua,
956 3004 1018 3065 in
1059 3004 1164 3065 via
1211 3002 1281 3065 fu
1329 3020 1531 3083 prexo
1574 3003 1658 3067 da
1706 3003 1970 3068 Turchi.
2019 3003 2261 3068 Tiense
2301 3012 2476 3068 certo
2509 3006 2678 3071 dicta

433 3111 606 3173 dona
672 3127 804 3173 non
870 3109 1178 3173 havendo
1244 3110 1334 3173 fln
1400 3112 1508 3191 qui
1575 3129 1769 3190 preso
1833 3113 2065 3192 partito
2130 3130 2258 3175 con
2304 3113 2364 3175 el
2409 3112 2675 3176 Turcho

432 3217 699 3280 omnino
746 3234 819 3280 se
867 3217 1222 3281 achordera
1271 3236 1396 3281 con
1444 3221 1582 3281 loro
1628 3237 1744 3300 per
1790 3221 1850 3281 la
1898 3219 2113 3298 pocha
2159 3221 2551 3284 confidentia
2589 3222 2676 3284 ha

429 3302 510 3386 de
557 3324 871 3404 Hungari.
1536 3317 1542 3325 ’

642 3540 742 3602 Ι)3
789 3541 941 3621 ogni
989 3549 1184 3604 canto
1231 3559 1398 3604 sona
1444 3541 1501 3604 el
1549 3540 1817 3605 Turcho
1864 3550 2143 3606 meterse
2199 3544 2262 3606 in
2308 3552 2515 3625 ponto
2564 3564 2678 3625 per

431 3647 644 3710 venire
709 3655 935 3710 contra
1001 3647 1319 3728 Belgrado
1367 3656 1431 3711 et
1477 3649 1562 3711 da
1608 3667 1786 3713 novo
1836 3667 1916 3712 ne
1975 3668 2144 3714 sono
2208 3653 2432 3715 venuti
2496 3655 2675 3716 molti

426 3772 695 3834 apresso
740 3773 784 3818 a
829 3755 1000 3818 dicto
1047 3757 1193 3819 loco
1240 3775 1280 3818 a
1325 3756 1618 3837 gi0rnate
1666 3757 1754 3819 do
1801 3756 1885 3819 ad
1933 3776 2069 3821 uno
2115 3760 2309 3823 locho
2348 3760 2674 3823 chiamato

427 3862 704 3926 Cosozo.
773 3861 864 3924 La
929 3880 1211 3942 persona
1266 3872 1643 3927 veramente
1710 3865 1814 3927 del
1880 3865 2050 3928 dicto
2097 3864 2364 3930 Turcho
2422 3868 2673 3930 dicesse

424 3969 737 4032 atrovarsi
804 3971 867 4032 in
914 3970 1269 4050 Filipopoli,
1337 3972 1418 4034 de
1476 3972 1597 4035 che
1662 3979 1898 4052 questo
1964 3974 2202 4037 illustre
2266 3976 2676 4054 governador

425 4077 782 4140 dubitando
829 4096 962 4141 non
1010 4096 1208 4141 meno
1278 4078 1400 4142 che
1448 4077 1555 4141 diti
1602 4078 1847 4142 Turchi
1910 4082 2113 4161 giunti
2171 4099 2296 4144 con
2363 4084 2421 4145 el
2485 4101 2672 4147 mezo

425 4183 504 4247 de
551 4183 846 4247 Rassiani
893 4184 1157 4266 voglino
1203 4204 1437 4266 passar
1482 4188 1540 4250 el
1589 4187 1894 4250 Danubio
1926 4206 1967 4250 a
2006 4189 2104 4251 far
2135 4191 2380 4252 coraria
2412 4192 2474 4252 in
2507 4199 2674 4254 terra

422 4289 705 4368 Silvana,
754 4292 876 4354 che
907 4292 970 4359 di
1004 4291 1343 4373 BelgradO,
1370 4310 1444 4355 se
1475 4292 1509 4354 e
1543 4295 1759 4356 levato
1793 4295 1872 4356 de
1906 4296 2013 4373 qui
2060 4313 2185 4357 con
2218 4303 2355 4360 tute
2386 4298 2445 4359 le
2478 4307 2673 4377 gente

421 4414 561 4474 sue,
611 4416 726 4479 per
789 4400 1137 4463 conferirse
1186 4419 1226 4461 a
1273 4402 1481 4479 quelle
1547 4409 1724 4481 parte
1774 4419 1888 4481 per
1935 4403 2194 4465 obstare
2260 4403 2672 4485 bisognando

420 4505 503 4565 ad
549 4505 698 4584 ogni
747 4506 1227 4569 machinatione
1273 4508 1354 4570 de
1395 4507 1529 4570 ditti
1565 4508 1828 4585 Turchi,
1888 4509 2081 4572 etiam
2131 4528 2249 4590 per
2284 4512 2600 4591 proveder
2632 4532 2673 4574 a
