3475 5200
1398 391 1469 423 -2
1541 362 1648 438 589·
1721 387 1792 422 -·

470 609 707 672 b'rnnes
768 605 834 668 in
864 587 1026 668 -hac
1090 601 1320 669 eorum
1384 602 1777 668 necessitate
1842 603 2140 685 pugnant
2203 589 2497 679 defensa,
2551 582 2723 667 certe

469 716 606 778 n'on
652 727 884 814 parurn
930 711 1254 776 hactenus
1300 713 1546 794 regiam
1599 712 2005 775 maiestatem
2052 708 2367 792 fatigavit,
2408 707 2723 791 multique

474 802 802 884 fortissimi
847 819 1078 883 milites
1133 833 1347 900 usque
1394 819 1459 882 in
1507 812 1679 882 diem
1726 816 1900 881 hanc
1963 825 2027 881 et
2096 813 2403 899 precipu'e
2449 805 2723 899 Hun'ga-

474 943 695 991 rorum
741 926 938 990 oceisi
984 933 1159 990 sunt.
1226 924 1401 990 Dum
1459 929 1683 990 autem
1730 926 1906 1006 regia
1970 924 2280 988 maiestas
2316 925 2457 988 iam
2503 925 2727 988 omnia

476 1033 913 1116 disposuisset
958 1032 1042 1095 ad
1090 1031 1567 1096 incendendam
1614 1031 1827 1113 ipsam
1871 1031 2090 1095 arcem
2137 1025 2515 1114 insultuque
2564 1021 2726 1096 obti-

476 1141 783 1219 ne'ndam,
825 1147 1025 1222 quam
1056 1140 1224 1204 adeo
1246 1175 1249 1178 Α
1269 1140 1649 1204 bombardis
1678 1155 1892 1220 usque
1923 1138 2009 1202 ad
2036 1137 2459 1224 repletionem
2490 1139 2724 1220 ipsam,

476 1250 646 1312 altas
691 1251 913 1311 tamen
958 1248 1238 1311 multum
1285 1255 1409 1326 est,-
1472 1248 1561 1310 ita
1618 1243 1927 1310 demolita
1990 1252 2110 1326 est,
2158 1246 2232 1309 u't
2277 1245 2341 1308 in
2389 1263 2470 1308 ea
2513 1261 2728 1326 neque

474 1356 732 1437 species
778 1355 946 1418 arcis
992 1355 1390 1434 remanserit,
1425 1371 1554 1436 que
1586 1355 1763 1435 prius
1795 1355 2035 1417 novem
2068 1347 2420 1416 altissimis
2443 1352 2729 1416 turribus
2832 1366 2848 1446 ᾗ

478 1463 826 1526 eminebat.
893 1461 1282 1544 Supervenit
1325 1469 1508 1525 tanta
1570 1459 1860 1526 fluminis
1921 1460 2280 1530 inundatio,
2328 1467 2402 1523 ιιι
2447 1455 2619 1523 sicut
2663 1459 2729 1523 in
2770 1440 2778 1444 ’

478 1570 687 1653 prima
732 1570 1005 1634 civitatis
1069 1570 1431 1649 obsidione,
1478 1568 1575 1633 ita‘
1631 1575 1695 1633 et
1760 1571 1938 1632 nunc
2009 1563 2335 1632 exercitus
2380 1567 2446 1631 in
2494 1583 2731 1648 campo

478 1686 677 1746 natet.
726 1676 860 1742 Sed
905 1683 970 1742 et
1016 1677 1323 1741 hesterno
1379 1695 1574 1741 mane
1631 1678 1758 1741 sub
1807 1677 1972 1740 hora
2036 1676 2389 1739 missarum
2434 1669 2732 1757 apparuit

481 1771 756 1850 Halibee
776 1803 951 1876 eum
997 1785 1262 1849 duobus
1307 1785 1445 1849 aliis
1505 1784 1827 1865 vayvodis
1875 1800 2028 1847 cum
2079 1783 2372 1846 maximo
2418 1783 2726 1862 exercitu,

477 1895 816 1974 voluitque
863 1893 1155 1957 obsessis
1223 1911 1421 1973 opem
1484 1891 1648 1956 ferre
1710 1891 1831 1955 sed
1878 1890 2145 1954 minime
2189 1888 2420 1971 potuit,
2467 1890 2730 1953 retraxit

476 2000 690 2064 libens
734 2001 971 2083 pedem
1018 2007 1081 2063 et
1126 2018 1241 2081 per
1304 2001 1548 2064 miliare
1603 2019 1646 2062 a
1689 2001 1841 2062 loco
1888 2004 2102 2063 castra
2147 1993 2406 2060 locavit.
2472 1981 2733 2061 Presto-

482 2107 649 2171 latur
693 2114 766 2172 ut
811 2108 1132 2171 sentimus
1196 2109 1466 2171 bassam
1528 2107 1810 2188 primum
1876 2104 2120 2168 cesaris
2186 2104 2601 2185 capitaneum
2670 2110 2735 2167 et

481 2221 694 2278 totum
738 2216 936 2280 robur
979 2213 1199 2294 Turci,
1233 2214 1412 2295 quod
1460 2222 1631 2278 certe
1678 2213 1854 2293 regia
1899 2213 2213 2275 maiestas
2262 2211 2409 2273 forti
2457 2217 2522 2274 et
2552 2210 2736 2274 hilari

480 2323 702 2385 animo
746 2322 1154 2403 prestolatur.
1205 2321 1545 2402 Quantum
1591 2313 1876 2400 intelligo
1933 2319 2097 2381 infra
2142 2334 2397 2399 paucos
2445 2316 2584 2381 dies
2631 2318 2738 2381 hic

480 2429 672 2493 locus
739 2429 1132 2493 obtinebitur
1194 2429 1317 2496 nisi
1360 2430 1551 2495 deus
1614 2429 1864 2492 malurn
1926 2426 2118 2489 nobis
2196 2425 2542 2506 permittat.
2611 2424 2738 2487 Hic

486 2544 707 2601 autem
769 2537 958 2604 locus
1020 2536 1115 2599 uti
1174 2534 1326 2600 dicit
1387 2535 1646 2601 illustris
1713 2537 2055 2617 despotus,
2104 2538 2205 2596 est
2258 2531 2459 2595 Turci
2506 2533 2741 2600 oculus

485 2636 731 2723 dexter,
764 2643 847 2707 de
894 2644 1028 2724 qu'o
1071 2643 1326 2724 gloriari
1374 2644 1604 2708 solitus
1652 2651 1754 2709 est
1799 2662 1873 2708 se
1919 2646 2164 2708 habere
2212 2632 2452 2724 pedem
2497 2621 2563 2705 in
2594 2635 2739 2722 gut-

485 2759 629 2815 ture
676 2751 1194 2831 christianorum,
1239 2758 1314 2814 ut
1357 2751 1443 2815 ad
1491 2770 1619 2833 que
1664 2753 1941 2816 voluerit
1971 2769 2176 2833 regna
2205 2752 2479 2814 transire
2510 2749 2740 2830 possit,

487 2850 646 2923 nam
679 2854 982 2941 quotiens
1024 2876 1364 2940 erumpere
1395 2861 1747 2923 voluerunt
1778 2858 1978 2922 Turci
2011 2859 2153 2923 sive
2186 2859 2271 2921 ad
2301 2848 2739 2934 Sclavoniam,

487 2964 838 3045 Croatiam,
869 2965 1258 3043 Carniolam,
1294 2966 1712 3045 Carinthiam,
1763 2964 2025 3030 Stiriam
2066 2973 2130 3029 et
2175 2964 2302 3035 alia
2332 2963 2743 3044 superiorum

486 3073 768 3154 partium
834 3090 1058 3154 regna,
1106 3074 1240 3139 huc
1309 3091 1572 3154 semper
1647 3073 1859 3154 primo
1934 3077 2404 3135 convenerunt.
2477 3070 2743 3132 Maioris

491 3181 804 3243 momenti
836 3188 937 3244 est
961 3189 1264 3261 respectu
1294 3180 1671 3261 aptitudinis
1704 3180 1790 3243 ad
1815 3179 2153 3243 inferenda
2184 3178 2429 3241 damna
2456 3177 2744 3241 christia-

488 3287 591 3350 nis
639 3305 839 3367 quam
883 3288 1023 3369 ipse
1087 3286 1388 3366 Smedru,
1438 3305 1522 3352 ex
1560 3305 1693 3367 quo
1740 3287 1958 3350 solum
2005 3286 2090 3349 ad
2137 3292 2356 3367 partes
2400 3284 2744 3347 inferiores

493 3393 692 3458 huius
737 3395 915 3475 regni
963 3412 1302 3475 erumpere
1348 3400 1628 3476 possunt
1674 3393 1880 3457 Turci
1919 3400 2183 3476 propter
2237 3392 2631 3455 vicinitatem
2679 3398 2746 3454 et

491 3501 558 3564 in
624 3502 937 3581 superiori
1004 3503 1152 3565 loco
1230 3502 1422 3583 positi
1505 3500 1696 3564 castri
1766 3499 2146 3598 Bellogradi.
2218 3499 2496 3563 Vocavit
2572 3498 2748 3578 regia

493 3608 804 3672 maiestas
849 3615 1102 3689 partem
1147 3596 1472 3672 exercitus
1517 3615 1657 3672 tam
1689 3596 1980 3689 e'quitum
2012 3624 2213 3688 quam
2248 3606 2541 3686 peditum
2573 3622 2747 3685 quos

492 3716 587 3778 ad¹
625 3714 1177 3779 Transilvaniam
1230 3717 1629 3797 premiserat,
1697 3717 1787 3778 ita
1849 3721 1924 3777 ut
1988 3708 2336 3795 speremus
2397 3712 2462 3775 in
2528 3710 2749 3774 divina

493 3820 803 3893 bonitate,
852 3816 1033 3904 quod
1095 3824 1149 3887 si
1214 3824 1410 3887 etiam
1467 3822 1730 3886 Turcus
1787 3822 1927 3904 ipse
1991 3821 2260 3899 venerit,
2309 3831 2509 3901 quem
2562 3807 2750 3882 aiunt

494 3931 938 4011 exploratores
985 3929 1071 3994 ad
1116 3930 1612 4012 Andrinopolim
1660 3928 1942 3993 exivisse
1988 3927 2143 3991 nihil
2172 3926 2332 3991 lucri
2364 3925 2745 4007 deportabit.

494 4037 605 4114 At,
654 4038 1027 4101 beatissime
1073 4046 1275 4119 pater,
1323 4038 1639 4101 sanctitas
1686 4043 1905 4099 vestra
1952 4017 2254 4122 dignetur
2314 4050 2536 4096 moras
2575 4050 2749 4094 rum-

497 4158 672 4223 pere,
720 4162 876 4207 nam
922 4162 1181 4225 semper
1226 4144 1450 4208 nocuit
1504 4140 1761 4207 differre
1807 4137 2084 4223 paratiS,
2120 4149 2183 4204 et
2248 4134 2562 4221 quamdiu
2627 4138 2751 4201 hec

497 4251 972 4330 preclarissima
1017 4238 1281 4316 occasio
1331 4251 1541 4329 datur,
1588 4268 1722 4314 non
1780 4251 2105 4330 permittat
2151 4249 2329 4310 hunc
2392 4244 2750 4327 principem

499 4358 890 4421 necessitate
937 4357 1234 4437 deficere,
1283 4359 1393 4440 qui
1439 4375 1661 4439 regna,
1710 4358 1881 4420 vires
1914 4364 1980 4419 et
2024 4356 2350 4436 propriam
2396 4370 2752 4434 personam

500 4464 788 4544 exponit,
860 4483 983 4529 nec
1039 4466 1260 4530 credat
1305 4467 1619 4529 sanctitas
1666 4472 1884 4528 vestra
1924 4463 2129 4526 fuisse
2176 4463 2242 4526 in
2289 4463 2420 4526 hoc
2465 4458 2754 4524 exercitu

505 4569 770 4634 militem
815 4580 931 4636 aut
975 4574 1171 4637 etiam
1215 4573 1574 4654 vulgarem,
1610 4572 1720 4653 qui
1767 4571 1988 4634 minus
2033 4585 2314 4651 persone
2359 4585 2482 4631 sue
2528 4583 2754 4648 peper-
