3475 5200
1418 409 1487 426 -.-
1560 379 1772 431 69--

465 595 706 673 jocalia
751 598 945 660 nobis
993 598 1214 677 utique
1261 607 1466 678 grata,
1516 616 1644 678 que
1692 598 1886 661 nobis
1953 599 2436 679 magnificentia
2488 605 2729 663 vestra'

469 709 701 766 secum
748 706 1176 768 transmittere
1224 707 1471 768 curavit
1518 705 1696 768 hilari
1729 706 1939 768 fronte
1967 713 2030 768 et
2062 724 2213 768 cum
2247 724 2487 786 magna
2517 708 2714 770 affec-

473 810 646 872 tione
692 828 817 874 nos
884 814 1188 875 noveritis
1254 814 1596 893 recepisse.
1665 811 1749 874 Et
1798 813 2045 875 utinam
2115 814 2199 875 ad
2248 820 2425 876 tante
2474 817 2714 894 magni·

473 915 725 981 ficentie
791 936 1133 999 assurgere
1199 921 1566 983 valeremus
1629 938 1905 983 munera
1973 921 2324 1000 gratiarum
2394 922 2505 984 ubi
2576 930 2713 984 tam

471 1025 797 1105 magnifici
843 1027 1148 1106 principis
1197 1037 1564 1107 respectum
1611 1028 1792 1106 larga
1844 1045 2083 1090 manus
2130 1027 2494 1090 declinasse
2560 1046 2713 1090 con-

469 1132 782 1211 spicimus
826 1135 912 1196 ad
960 1141 1251 1197 nostram
1302 1151 1652 1215 personam
1701 1137 1895 1197 oculo
1953 1134 2297 1214 fraternali,
2346 1136 2432 1198 ad
2500 1144 2715 1199 vestre

469 1238 789 1317 siquidem
838 1242 1313 1321 magnificentie
1361 1260 1711 1323 personam
1761 1259 1961 1321 quam
2010 1243 2299 1305 sinceros
2347 1260 2464 1323 pro
2497 1243 2618 1305 hiis
2650 1250 2714 1304 et

471 1346 611 1410 aliis
658 1348 1128 1411 benevolentiis
1175 1350 1366 1412 nobis
1412 1350 1723 1430 impensis
1757 1351 2061 1412 continue
2094 1350 2433 1424 videamur
2460 1358 2712 1431 portare

469 1453 771 1532 affectuS,
819 1456 926 1518 vix
974 1465 1145 1519 certe
1192 1456 1375 1520 stilus
1423 1475 1653 1538 capere
1701 1463 1945 1538 posset.
1996 1457 2259 1519 Interior
2289 1458 2549 1536 quidem
2579 1460 2713 1521 ani-

471 1580 622 1624 mus
670 1570 892 1626 noster
956 1564 1042 1625 ad
1108 1582 1367 1645 queque
1433 1573 1644 1627 vestre
1712 1565 2190 1645 magnificentie
2255 1568 2605 1629 commoda
2651 1573 2714 1628 et

470 1670 727 1750 singula
773 1672 1175 1750 beneplacita
1221 1672 1390 1734 fideli
1437 1672 1724 1751 quodam
1773 1680 2043 1736 estuans
2088 1673 2317 1736 ardore
2365 1674 2429 1736 id
2456 1691 2715 1754 semper

470 1779 878 1856 prestolatur,
928 1786 997 1840 ut
1046 1779 1413 1842 desiderata
1459 1778 1815 1859 aptitudine
1864 1779 2091 1843 honori
2139 1787 2357 1843 vestro
2403 1781 2487 1842 ad
2534 1789 2713 1844 tanta

471 1891 624 1947 vota
670 1901 799 1964 que
848 1886 1022 1948 intus
1070 1886 1311 1948 fervide
1358 1893 1571 1966 gestat
1618 1888 1815 1949 etiam
1863 1888 2037 1949 omni
2084 1887 2519 1950 benivolentia
2577 1890 2711 1969 pla-

468 2009 614 2054 cere
648 2000 892 2072 posset.
928 1993 1172 2055 Verum
1208 2000 1277 2055 ut
1307 1995 1680 2056 huiusmodi
1717 1995 2081 2056 desiderata
2111 1995 2371 2057 affectio
2402 1996 2467 2057 in
2498 1997 2711 2059 lucem

467 2098 850 2178 deducatur,
900 2103 1366 2164 munusculum
1415 2120 1816 2181 quamquam
1863 2110 2044 2164 tanto
2092 2102 2353 2183 principi
2402 2103 2711 2182 exiguum

467 2214 683 2269 vestre
732 2207 1104 2271 fraternitati
1151 2227 1266 2290 per
1314 2209 1569 2272 fidelem
1619 2218 1916 2272 nostrum
1982 2209 2285 2271 dilectum
2353 2208 2709 2291 Casparem

467 2308 763 2378 datorem
811 2317 1207 2396 presentium
1254 2318 1724 2379 destinavimus
1768 2326 2091 2397 rogantes,
2137 2323 2207 2378 ut
2245 2317 2397 2379 illud
2444 2335 2558 2397 per
2585 2334 2710 2381 vos

466 2438 601 2483 non
651 2440 957 2502 spernere
1005 2426 1160 2503 quin
1206 2424 1438 2504 pocius
1502 2425 1564 2486 in
1617 2423 2091 2503 magnificentie
2155 2432 2371 2487 vestre
2437 2433 2710 2503 aspectu

468 2546 602 2591 non
671 2531 985 2594 iudicetur
1049 2532 1297 2594 donum
1364 2532 1481 2594 sed
1545 2532 1825 2593 affectus
1899 2530 2221 2594 donantis,
2282 2531 2451 2593 Nam
2517 2532 2711 2595 nichil

466 2639 681 2700 carius
728 2647 1124 2718 optaremus,
1174 2658 1372 2719 quam
1438 2651 1510 2700 ut
1577 2641 1793 2719 aliqua
1847 2647 2059 2701 vestre
2106 2640 2481 2702 fraternitati
2526 2649 2711 2720 grata

473 2745 782 2823 perficere
848 2754 911 2808 et
975 2747 1227 2826 operari
1291 2747 1675 2810 valeremus.
1733 2747 2082 2809 Precamur
2135 2747 2414 2825 denique
2461 2749 2709 2829 magni-

467 2852 795 2915 ficentiam
862 2861 1169 2929 vestram,
1236 2861 1307 2916 ut
1356 2855 1409 2916 si
1475 2855 1639 2916 inter
1695 2853 2071 2915 huiusmodi
2118 2857 2532 2933 munuscula,
2582 2874 2709 2934 que

468 2958 843 3023 fraternitati
891 2968 1104 3024 vestre
1154 2964 1368 3024 solum
1415 2978 1532 3041 pro
1583 2962 1788 3040 proba
1846 2961 2323 3023 transmisimus
2372 2969 2485 3024 aut
2548 2963 2709 3027 alias

468 3067 531 3156 in
580 3070 922 3131 Alamanie
970 3069 1334 3131 climatibus
1382 3068 1569 3130 vobis
1614 3076 1798 3147 grata
1846 3068 2274 3146 inveniantur,
2323 3070 2514 3131 nobis
2547 3072 2709 3133 fidu-

471 3174 707 3237 cialiter
752 3176 1044 3239 intimare
1091 3178 1298 3239 velitis
1346 3183 1410 3238 et
1456 3175 1776 3254 requirere
1825 3176 2244 3252 confidenter,
2296 3194 2450 3238 nam
2496 3185 2708 3240 vestre

469 3283 819 3345 voluntatis
867 3285 1164 3346 executio
1212 3291 1312 3346 est
1357 3283 1548 3346 nobis
1593 3282 1907 3362 gaudium
1955 3290 2018 3344 et
2049 3283 2357 3346 recreatio
2390 3285 2705 3364 specialiS.

469 3386 552 3451 Et
595 3391 649 3452 si
698 3409 815 3471 pro
883 3391 1260 3454 huiusmodi
1322 3391 1511 3453 vobis
1578 3390 1777 3469 gratis
1843 3390 2066 3470 sepius
2132 3391 2396 3452 nuntios
2451 3399 2707 3454 vestros

468 3498 1005 3576 transmitteretiS,
1057 3499 1119 3560 in
1167 3516 1248 3561 eo
1297 3500 1656 3560 sentiemus
1705 3496 2039 3561 vinculum
2087 3497 2364 3560 fraterne
2429 3498 2706 3561 dilectio·

473 3604 571 3667 nis
618 3606 681 3667 in
753 3606 942 3669 nobis
995 3624 1157 3669 esse
1224 3607 1619 3669 roboratum.
1687 3603 1784 3667 Sit
1849 3605 2037 3684 igitur
2080 3605 2272 3667 vobis
2318 3623 2598 3686 persona
2645 3614 2706 3668 et

467 3714 627 3775 velle
675 3722 972 3775 nostrum
1039 3713 1396 3777 recomissa
1461 3714 1525 3775 in
1591 3713 1953 3774 sinceritate
2019 3714 2208 3792 plena
2275 3719 2340 3774 et
2384 3713 2704 3792 singulari.

467 3816 708 3883 Datum
756 3827 878 3883 etc.

677 3977 825 4030 Becsi
863 3978 1033 4030 allami
1070 3976 1300 4031 leveltar.
1340 3978 2074 4043 Reichsregistratursbiicher.
2125 3977 2184 4028 D.
2213 3979 2372 4029 kotet.
2418 3979 2508 4028 fol.
2555 3980 2704 4029 134v.

487 4127 498 4138 ·
677 4069 826 4119 Kelet
845 4066 1037 4131 nelln'il,
1057 4085 1089 4120 a
1113 4069 1262 4120 tobbi
1283 4065 1486 4118 okleve'l
1507 4069 1568 4129 is,
1590 4085 1620 4117 a
1641 4069 1845 4132 melyek
1865 4069 2049 4117 kozott
2068 4067 2374 4131 foglaltatik‚
2402 4070 2707 4133 ugyancsak

464 4158 785 4209 keltezetlen.
843 4161 920 4208 Az
958 4157 1067 4209 elsd
1125 4159 1368 4209 keltezett
1409 4156 1614 4208 okleve'l
1648 4156 1794 4207 ez6tte
1839 4155 2103 4222 1432·b61‚
2142 4173 2172 4207 a
2208 4156 2406 4222 legels6
2463 4158 2708 4208 keltezett

463 4246 666 4299 oklevel
705 4247 868 4298 uicina
912 4247 1221 4313 1425(!)-b61
1257 4246 1391 4298 valo.
1430 4250 1507 4297 ΑΖ
1545 4245 1763 4297 evszzirn
1800 4245 2318 4311 meghatarozasanal
2355 4246 2514 4297 abbol
2540 4248 2709 4297 indul-

461 4340 590 4388 tunk
629 4339 696 4399 ki,
734 4338 882 4403 hogy
917 4335 1093 4388 Istvim
1133 4339 1389 4402 deszpota
1427 4336 1696 4401 (stefanus
1736 4334 2039 4401 Lazarevic')
2086 4338 2216 4387 1427
2253 4334 2364 4401 jun.
2402 4333 2552 4388 19-ἑη
2597 4337 2705 4387 halt

464 4441 595 4491 meg.
635 4429 678 4477 A
703 4429 959 4493 deszpota
985 4426 1043 4477 es
1071 4427 1358 4491 Zsigmond
1395 4425 1560 4490 kiraly
1597 4428 1779 4476 kozott
1824 4427 2087 4477 1426-ban
2111 4429 2213 4491 jott
2238 4422 2363 4477 lette
2390 4442 2452 4477 az
2479 4442 2509 4476 a
2538 4423 2705 4476 bensd

464 4517 702 4583 viszony,
740 4517 879 4583 mely
916 4534 947 4566 a
982 4518 1107 4567 tatai
1145 4514 1667 4581 megallapodasokra
1705 4519 1946 4575 vezetett‚
1985 4529 2011 4563 s
2049 4510 2139 4578 igy
2183 4529 2243 4564 ez
2288 4513 2496 4565 oklevel
2521 4541 2589 4550 —
2616 4514 2705 4563 fel-

464 4602 597 4666 teve,
632 4607 779 4671 hogy
816 4606 1101 4672 Zsigmond
1140 4604 1382 4671 kiralytol
1420 4607 1540 4657 ered
1579 4620 1638 4655 ez
1677 4622 1708 4654 a
1746 4603 1926 4654 valasz
1955 4630 2022 4640 —
2046 4606 2218 4668 aligha
2254 4604 2360 4654 kelt
2404 4605 2536 4654 1426
2563 4600 2704 4654 e16tt.
