3475 5200
1686 247 2077 332 -.312,.-.

758 465 878 525 hec
928 473 1219 544 tempora
1266 463 1637 545 ubicunque
1687 470 2911 558 quomodocunque-quoeienscunque
2943 476 3006 544 et

758 573 1208 665 qualecunque
1272 592 1388 654 per
1452 574 1775 654 prefatum
1848 573 2203 655 Georgium
2269 556 2351 640 de
2421 576 2692 657 Kanysa
2762 577 3005 667 prefate

758 681 1019 741 domine
1064 678 1268 742 Elene
1299 698 1378 743 ac
1408 682 1748 761 quibusvis
1800 683 2175 747 hominibus
2224 679 2521 746 eiusdem
2546 684 2634 746 ad
2662 666 3003 765 ipsamque

762 785 1223 865 pertinentibus
1288 788 1537 857 illarum
1602 790 1870 869 patratis
1934 797 1997 852 et
2062 792 2434 854 commissis
2495 771 2877 854 reddidisset
2944 799 3005 853 et

758 893 1192 957 commisisset
1238 896 1491 975 quitum
1535 898 1942 985 liberumque
1975 906 2039 960 et
2071 898 2467 988 expeditum,
2506 896 2705 960 immo
2738 880 3007 960 reddidit

758 1009 821 1063 et
870 1001 1189 1094 commisit
1254 1004 1467 1066 modis
1532 1005 1840 1068 omnibus
1896 1007 2294 1083 absolutum,
2356 1006 2588 1067 harum
2636 1012 3002 1068 nostrarum

758 1109 978 1185 vigore
1027 1116 1090 1171 et
1134 1110 1506 1174 testimonio
1551 1112 1903 1174 litterarum
1961 1114 2304 1176 mediante.
2373 1113 2616 1175 Datum
2680 1111 2885 1189 Bude,
2942 1112 3004 1190 in

586 1257 686 1297 ,Ἦ
762 1217 926 1277 festu
978 1217 1143 1278 beati
1193 1217 1487 1280 Barnabe
1535 1220 1834 1299 apostoli,
1890 1238 2068 1283 anno
2123 1219 2367 1283 domini
2434 1220 2774 1283 millesimo
2825 1219 3005 1298 quin-

541 1329 642 1381 jzin-
674 1333 734 1370 1²-
758 1324 1118 1401 gentesimo
1169 1326 1371 1388 tertio.

1801 1398 2038 1460 Coram
2087 1401 2395 1479 magistro
2442 1398 2789 1461 Francisco
2838 1397 2918 1460 de

2194 1507 2532 1570 Macocha.

978 1672 1194 1734 Eredeti,
1231 1673 1399 1739 papir,
1435 1670 1739 1737 rinyomott
1775 1671 2044 1739 pecsettel.
2084 1674 2155 1726 M.
2196 1675 2258 1726 Ο.
2300 1675 2360 1726 D.
2401 1674 2459 1727 L.
2484 1676 2692 1726 25431.
2731 1689 2811 1727 sz.

1585 2028 1592 2035 ,
1699 1961 2073 2024 CDXXVII.

1281 2153 1892 2238 Ncindorseje'rvdr,
1942 2155 2139 2221 1504.
2179 2158 2331 2238 jan.
2381 2156 2487 2220 11.

762 2337 902 2385 libri.
910 2333 991 2385 atii
1033 2331 1237 2399 Μόψος
1277 2335 1567 2399 megkeresi
1606 2332 1858 2384 Kanizsai
1899 2334 2117 2399 Gyorgy
2173 2298 2634 2384 nandorfehervari
2682 2333 2830 2423 bant,
2865 2337 3005 2399 hogy

1365 2422 1602 2474 fizeteset
1637 2414 1871 2473 mielobb
1909 2424 2085 2489 kiildje
2124 2439 2243 2489 meg
2281 2425 2418 2475 neki.

974 2607 1315 2687 Magnifice
1361 2606 1626 2669 domine
1674 2616 1738 2672 et
1784 2608 2045 2670 domine
2090 2608 2613 2688 generosissime.
2664 2608 2820 2669 Post
2853 2607 3000 2668 fide-

758 2717 910 2777 lium
950 2715 1352 2777 servitiorum
1387 2732 1682 2777 meorum
1716 2716 2374 2779 commendationem.
2411 2714 2727 2795 Imprimis
2772 2714 3004 2794 elapsis

762 2826 990 2882 diebus
1036 2821 1554 2901 supplicaveram
1602 2822 2080 2902 magnificentie
2129 2830 2342 2886 vestre
2409 2830 2472 2884 et
2520 2829 2698 2901 parte
2745 2822 3004 2884 solutio-

762 2930 858 2990 nis
910 2929 1313 2992 servitiorum
1363 2947 1660 2992 meorum
1731 2930 2214 3010 magnificentia
2261 2937 2478 2992 vestra
2526 2937 2767 2991 eotunc
2814 2929 3006 3008 scrip—

758 3046 950 3112 serat,
999 3046 1069 3099 ut
1115 3038 1199 3098 ab
1247 3037 1385 3098 istis
1433 3037 1854 3099 familiaribus
1903 3055 2089 3099 nunc·
2123 3022 2619 3099 advenientibus
2685 3054 2835 3098 mea
2881 3054 3008 3099 ser·

762 3146 910 3206 vitia
974 3145 1337 3222 remitteret,
1403 3145 1512 3224 qui
1577 3145 1898 3219 dixerunt,
1947 3153 2018 3206 ut
2074 3145 2158 3206 ab
2207 3144 2364 3224 ipsis
2427 3145 2639 3213 nullas
2694 3143 3009 3224 pecunias

758 3253 1236 3330 magnificentia
1291 3260 1510 3314 vestra
1556 3253 1751 3314 michi
1801 3252 2102 3314 misisset.
2172 3251 2360 3314 Certe
2425 3252 2567 3333 ipse
2630 3250 3010 3313 nullomodo

758 3362 930 3418 viam
996 3367 1060 3420 et
1107 3360 1378 3422 modum
1443 3377 1523 3422 ac
1587 3377 1862 3421 causam
1938 3361 2127 3422 valeo
2196 3359 2589 3436 adinvenire,
2657 3358 2745 3420 ob
2811 3375 3007 3435 quam

762 3485 1038 3531 causam
1088 3485 1237 3529 mea
1283 3467 1544 3530 servitia
1588 3475 1749 3547 aput
1796 3468 2073 3530 eandem
2120 3467 2670 3547 magnificentiam
2725 3472 3006 3560 vestram

758 3582 978 3634 essent
1026 3574 1328 3636 oblivioni
1376 3575 1524 3638 date
1571 3575 1734 3637 inter
1780 3576 1940 3637 alios
1987 3575 2295 3654 providos
2351 3573 2696 3636 familiares
2763 3573 3009 3669 magni-

758 3682 1012 3744 ficentie
1058 3687 1290 3744 vestre.
1343 3659 1492 3745 Scio
1541 3681 1771 3748 ceteris
1832 3683 2140 3745 omnibus
2186 3681 2606 3743 familiaribus
2653 3681 2793 3742 suis
2840 3660 3008 3744 solu-

758 3790 998 3850 tionem
1046 3788 1194 3851 fecit
1240 3807 1318 3850 ac
1366 3790 1544 3870 ipsos
1591 3796 1937 3851 contentos
2003 3788 2291 3866 reddidit,
2339 3794 2595 3853 tantum
2642 3787 2753 3850 uni
2820 3788 3008 3853 michi

758 3898 999 3958 ,nullffln
1070 3897 1236 3959 fecit.
1310 3894 1503 3959 Unde
1582 3896 1877 3978 supplico
1951 3896 2181 3959 iterum
2258 3895 2735 3975 magnificentie
2799 3901 3009 3959 vestre

758 4014 1096 4082 tamquam
1142 4004 1407 4067 domino
1453 4003 1945 4083 gratiosissimo,
1993 3987 2293 4083 dignetur
2347 4011 2410 4065 et
2442 4020 2597 4083 erga
2644 4019 2749 4064 me
2797 4002 3010 4082 provi-

762 4114 930 4186 dere,
982 4109 1129 4173 mea
1175 4093 1438 4191 'quoque
1486 4111 1745 4172 servitia
1790 4111 2129 4189 remittere,
2178 4111 2352 4175 unde
2385 4127 2503 4190 pro
2536 4110 2785 4171 honore
2832 4090 3011 4189 mag·

762 4218 1080 4282 nificentie
1145 4200 1358 4284 vestre
1422 4219 1671 4298 possim
1738 4218 1952 4280 debite
2010 4218 2327 4280 famulari.
2375 4217 2545 4281 Nam
2592 4217 2723 4279 iam
2787 4233 3013 4280 vereor

762 4334 894 4386 tam
942 4327 1161 4389 crebre
1208 4326 1620 4389 civitatenses
1668 4325 1925 4388 visitare
1972 4326 2035 4387 in
2085 4308 2367 4405 petendo
2415 4330 2814 4402 mutuarum,
2864 4324 3012 4404 quia

762 4434 938 4494 hisce
1006 4433 1237 4496 diebus
1302 4450 1466 4495 usus
1532 4451 1682 4495 sum
1748 4439 2123 4497 mutuarum
2171 4441 2235 4495 et
2282 4434 2344 4495 in
2392 4415 2718 4495 credendo
2763 4430 3009 4503 levatis,
