3475 5200
1671 416 1885 473 ...·32
1960 449 2025 458 .-

1715 640 1989 702 LXXVI.

1353 837 1780 916 BrauicsevO,
1832 837 2022 899 1392.
2060 832 2188 916 jal.
2240 837 2341 898 12.

727 996 1016 1061 Zsigmond
1055 994 1222 1061 kitaeily
1261 995 1476 1061 Perenyi
1515 993 1705 1045 Miklos
1745 995 1857 1044 volt
1895 992 2139 1059 szorenyi
2176 993 2387 1044 bannak
2417 1009 2448 1042 a
2476 990 2817 1079 Raczorsaag
2841 992 2976 1041 ellen

727 1091 955 1138 vezetett
990 1084 1334 1151 hadjiiratban
1392 1089 1618 1135 szerzett
1655 1083 1883 1136 erdemei
1936 1081 2209 1149 jutalmaul
2252 1080 2665 1147 adomanyozott
2701 1080 2977 1146 Ersomlyo

886 1174 1036 1226 viu-rit
1071 1171 1447 1226 tartozekaival
1484 1176 1668 1239 egyiitt
1705 1172 1938 1224 elcsereli
1977 1173 2137 1223 Patak
2173 1170 2231 1223 e's
2271 1172 2465 1237 Ujhely
2503 1169 2833 1244 varosokkal.

947 1317 1166 1378 Eredeti,
1222 1316 1424 1381 hin-tyn,
1481 1314 1620 1381 aljan
1659 1317 1821 1365 νὸῐὸε
1863 1316 2077 1366 viaszba
2131 1312 2373 1382 nyomott
2410 1311 2791 1380 gyx'irfispecset
2843 1315 2982 1363 tore-

734 1405 987 1468 dekeiveL
1047 1423 1080 1456 a
1133 1407 1185 1457 b.
1243 1405 1458 1470 Perenyi
1518 1404 1695 1456 csalad
1753 1402 2114 1470 nagyszo'llosi
2167 1403 2538 1455 leveltziraban.
2596 1430 2663 1439 —
2723 1404 2882 1452 Patak
2921 1400 2980 1453 es

733 1495 928 1561 Ujhely
963 1493 1247 1546 varosokat
1284 1495 1568 1560 Zsigmond
1613 1493 1750 1545 1390
1789 1499 1954 1559 szept.
1982 1495 2066 1547 29.
2107 1492 2499 1559 αόοηιὲηγοιῐε,
2535 1490 2751 1558 Ροτὲηγί
2788 1490 2983 1543 Miklos

729 1583 978 1650 szorenyi
1017 1582 1244 1647 bdnnak,
1283 1585 1572 1635 tekintettel
1611 1600 1643 1634 a
1679 1582 2081 1649 Raczorszaigba
2118 1581 2369 1649 nyomulo'
2408 1584 2634 1633 toriikok
2671 1583 2820 1633 elleni
2862 1583 2982 1633 har—

733 1675 975 1725 czokban
1013 1672 1239 1725 szerzett
1275 1672 1572 1725 erdemeire.
1617 1700 1680 1708 —
1721 1671 1893 1737 Fejer:
1933 1673 1993 1726 C.
2034 1674 2112 1734 D.,
2151 1674 2260 1724 x11.
2287 1674 2423 1722 610.

1615 1917 1628 1926 ’
1699 1961 2004 2023 Lxxvu.

1361 2157 1785 2235 Branicsew,
1838 2156 2030 2219 1392.
2069 2154 2200 2238 jvil.
2254 2158 2354 2219 13.

740 2317 1029 2382 Zsigmond
1067 2314 1234 2380 kiraly
1271 2315 1437 2366 Kokei
1478 2314 1856 2374 Szomralmak,
1895 2331 1927 2365 a
1964 2316 2120 2365 kinek
2158 2312 2376 2365 szeremi
2424 2314 2652 2365 birtokat
2688 2331 2721 2364 a
2755 2315 2983 2365 torokok

1021 2401 1296 2466 soldultak,
1335 2407 1466 2454 tobb
1505 2401 1705 2454 macsdi
1744 2403 2049 2482 pansagbeli
2090 2405 2323 2454 birtokot
2360 2402 2712 2470 adomanyoz.

951 2550 1090 2613 Nos
1137 2548 1600 2630 sigismundus
1648 2550 1749 2613 dei
1799 2550 2003 2629 gratia
2060 2567 2170 2612 rex
2232 2550 2585 2630 Hungarie,
2644 2549 2982 2628 Dalmatie,

737 2659 995 2722 Croatie
1061 2666 1182 2720 etc.
1240 2675 1319 2719 ac
1366 2659 1680 2738 marchyo
1750 2657 2418 2737 Brandemburgensis
2483 2666 2603 2720 etc.
2672 2657 2982 2720 Memorie

737 2766 1284 2829 commendamus
1381 2772 1605 2827 tenore
1700 2765 2099 2845 presentium
2196 2765 2637 2844 significantes
2742 2766 2981 2844 quibus

740 2872 999 2952 expedit
1064 2872 1403 2947 universis,
1463 2873 1639 2950 quod
1688 2890 1813 2934 nos
1859 2872 2191 2934 recensitis
2239 2890 2318 2933 ac
2364 2874 2429 2934 in
2475 2874 2695 2935 nostre
2752 2873 2989 2934 maies-

739 2981 888 3042 tatis
937 2980 1318 3042 memoriam
1386 2979 1667 3042 reductis
1723 2980 2028 3058 preclaris
2077 2978 2492 3042 fidelitatibus
2539 2987 2602 3041 et
2648 2979 2989 3060 obsequijs

737 3088 1032 3168 gratuitis
1065 3088 1270 3149 fidelis
1301 3088 1500 3149 nostri
1536 3088 1769 3149 nobilis
1800 3086 1912 3149 viri
1949 3087 2232 3166 magistri
2268 3084 2629 3149 Somrakus
2664 3089 2743 3149 de
2776 3086 2990 3162 Kuke,

739 3195 981 3274 quibus
1028 3195 1197 3256 idem
1246 3195 1562 3256 maiestati
1613 3202 1833 3256 nostre
1880 3202 1943 3256 et
1990 3211 2179 3256 sacro
2230 3193 2405 3273 regio
2472 3193 2816 3256 diademati
2864 3194 2991 3255 sub

744 3302 1108 3364 diversitate
1156 3303 1450 3363 locorum
1499 3309 1561 3361 et
1609 3308 1978 3379 temporum
2026 3316 2161 3362 non
2209 3301 2537 3380 parcendo
2594 3301 2732 3362 suis
2794 3302 2989 3363 rebus

740 3427 1094 3489 personam
1189 3426 1380 3470 suam
1466 3407 1692 3470 mortis
1777 3409 2042 3469 casibus
2126 3408 2519 3487 exponendo
2609 3407 2991 3470 multimodo

741 3516 993 3579 studuit
1041 3517 1440 3596 conplacere‚
1491 3514 2084 3577 animadvertentes
2139 3514 2598 3578 nichilominus
2656 3515 2991 3594 quomodo

751 3623 873 3685 hiis
936 3624 1246 3703 proximis
1312 3623 1543 3684 diebus
1608 3622 1844 3701 elapsis
1912 3622 2370 3701 possessiones
2435 3622 2639 3703 ipsius
2708 3621 2994 3701 magistri

741 3727 1109 3793 Somrakus
1142 3730 1202 3791 in
1237 3728 1490 3793 Sirimio
1523 3731 1877 3791 existentes
1909 3747 2023 3810 per
2054 3729 2400 3808 nepharios
2448 3728 2508 3790 T
2510 3731 2751 3792 urchos
2786 3729 2994 3791 crucis

740 3838 972 3899 hostes
1037 3836 1383 3916 depredate
1448 3837 1736 3898 existunt
1800 3837 2069 3916 ipseque
2133 3854 2248 3917 per
2305 3837 2663 3898 eorundem
2716 3835 2995 3898 insultus

747 3961 879 4006 non
927 3944 1183 4007 modica
1230 3944 1488 4005 sustulit
1535 3944 1825 4024 dampna
1870 3951 1933 4006 et
1981 3942 2383 4006 detrimenta.
2434 3942 2745 4005 Volentes
2780 3943 2995 4021 itaque

741 4051 955 4114 eidem
985 4051 1444 4130 aliquantisper
1475 4051 1651 4130 regio
1680 4068 2017 4112 occurrere
2060 4068 2212 4113 cum
2249 4051 2471 4113 favore
2504 4049 2995 4129 possessionem

749 4168 1041 4221 nostram
1063 4160 1301 4238 regiam
1338 4159 1582 4219 Padina
1604 4166 1907 4221 vocatam
1934 4159 1998 4219 in
2032 4160 2279 4220 banatu
2301 4165 2525 4220 nostro
2548 4157 2994 4220 Machoviensi

739 4266 1131 4328 existentem
1195 4284 1274 4327 ac
1339 4265 1702 4343 Harastich,
1758 4266 2045 4341 Lizkoth‚
2099 4265 2447 4344 Chakarya
2494 4271 2559 4327 et
2605 4264 3001 4345 Negramaz-

748 4373 1027 4452 melleky
1073 4382 1135 4434 et
1183 4371 1463 4434 similiter
1509 4373 1572 4433 in
1622 4373 1867 4433 banatu
1915 4380 2137 4434 nostro
2193 4372 2481 4451 predicto
2549 4371 2997 4434 Machoviensi

749 4478 1101 4543 existentes
1171 4480 1364 4541 simul
1430 4498 1582 4541 cum
1647 4478 1968 4541 universis
2054 4479 2428 4541 earumdem
2495 4479 2873 4542 utilitatibus
2940 4486 3002 4540 et

754 4587 1150 4667 pertinentiis
1199 4587 1489 4649 cuiusvis
1536 4587 1816 4648 nominis
1864 4586 2187 4648 vocabulo
2235 4586 2570 4666 appellatis
2614 4588 2739 4651 sub
2774 4602 3001 4648 earun-
