3475 5200
1740 351 2128 405 -256-2-

1776 623 2101 688 CCCLIV.

1541 820 1760 900 Bada,
1807 817 2006 883 1464.
2044 816 2174 900 jaz.
2224 818 2332 881 15.

809 980 1018 1048 Matyas
1056 980 1221 1046 kiraly
1259 996 1291 1031 a
1327 981 1524 1046 nyulak
1561 978 1865 1044 szigetebe'li
1904 976 2140 1043 apaczak
2194 976 2487 1044 panaszitra
2542 980 2860 1043 meghagyja
2915 979 3063 1028 Buda

812 1071 1121 1133 vin-ostinak,
1159 1074 1305 1136 hogy
1342 1087 1374 1121 a
1412 1071 1554 1120 Keve
1592 1069 1876 1121 varosabol
1913 1068 2033 1119 valo
2073 1067 2237 1119 Janos
2284 1068 2405 1119 τοῖσι
2463 1065 2830 1118 kereskeddtol
2884 1068 3059 1128 ewen,

810 1178 842 1212 a
877 1163 1038 1212 budai
1075 1159 1344 1212 mazsalon
1370 1156 1705 1224 megmeretni
1745 1156 2055 1209 szandekolt
2092 1155 2277 1209 atukat
2312 1159 2504 1208 adessa
2528 1159 2723 1208 vissza.
2753 1159 2798 1206 A
2823 1157 3059 1220 mennyi-

810 1253 913 1301 ben
950 1265 1014 1301 az
1054 1247 1182 1301 §.nik
1220 1247 1436 1300 elveteie
1474 1264 1506 1298 a
1542 1246 1823 1299 mazsalasi
1858 1243 2063 1312 dijakra
2094 1244 2378 1312 jogositott
2414 1244 2720 1312 apaczakon
2747 1247 2893 1297 akart
2917 1261 3059 1310 meg-

809 1338 971 1392 torlds
1025 1340 1184 1402 lenni,
1222 1354 1285 1388 az
1323 1339 1432 1403 iigy
1487 1337 1762 1402 Rozgonyi
1818 1335 1982 1388 ,lenos
2038 1334 2421 1388 tarnokmester
2472 1332 2646 1388 {teleto
2683 1333 2766 1385 ala
2818 1338 3058 1387 tmozik.

1838 1519 1937 1582 De
1981 1520 2445 1583 commissione
2491 1519 2732 1582 domini
2780 1520 2965 1599 regis.

1026 1647 1308 1709 Mathias
1356 1647 1457 1709 dei
1502 1646 1707 1725 gratia
1737 1663 1851 1708 rex
1881 1645 2236 1725 Hungarie‚
2276 1646 2615 1722 Dalmatie,
2650 1644 2902 1707 Croatie
2932 1652 3055 1706 ete.

811 1755 862 1816 F
866 1755 1138 1816 idelibus
1176 1754 1415 1816 nostris
1449 1803 1464 1817 .
1507 1802 1521 1815 .
1559 1801 1573 1816 .
1611 1801 1624 1814 .
1663 1802 1677 1817 .
1712 1750 1954 1830 [iquici
2002 1754 2354 1832 iuratisque
2392 1752 2646 1815 civibus
2688 1760 2750 1814 et
2787 1751 3058 1815 consilio

811 1862 1081 1924 civitatis
1127 1868 1347 1924 nostre
1395 1860 1718 1923 Budensis
1767 1862 2046 1923 salutem
2096 1868 2160 1923 et
2206 1860 2497 1939 gratiam.
2537 1858 2927 1939 Expositum
2959 1866 3059 1921 est

813 1976 1032 2031 nostre
1078 1969 1396 2032 maiestati
1445 1969 1510 2030 in
1551 1968 1851 2048 personis
1906 1968 2349 2047 religiosarum
2381 1966 2791 2031 dominarum
2823 1967 3059 2028 sancti·

811 2077 1189 2139 monialium
1236 2077 1318 2137 de
1365 2075 1577 2137 insula
1639 2078 1935 2155 leporum
2000 2077 2180 2154 gravi
2246 2093 2398 2137 cum
2463 2076 2725 2154 querela
2769 2076 2834 2137 in
2881 2076 3056 2137 hunc

809 2184 1104 2261 modum,
1135 2183 1314 2262 quod
1342 2183 1642 2262 quamvis
1662 2200 1748 2244 ex
1765 2183 2027 2245 indultis
2048 2192 2111 2246 et
2131 2183 2473 2263 privilegiis
2492 2183 2791 2245 divorum
2827 2200 3053 2262 regum

813 2291 1145 2371 Hungarie
1224 2290 1765 2370 predecessorum
1813 2290 2056 2353 seilicet
2118 2298 2490 2353 nostrorum
2569 2307 2879 2352 mensura
2954 2291 3057 2352 illa

811 2414 998 2459 masa
1047 2404 1303 2473 vocata,
1353 2398 1417 2460 in
1466 2416 1598 2477 qua
1644 2398 2065 2461 mercimonia
2095 2415 2176 2460 ac
2204 2398 2327 2460 alie
2364 2415 2469 2460 res
2504 2399 2794 2475 venales,
2832 2398 2899 2460 in
2930 2398 3052 2459 hac

816 2505 1069 2566 civitate
1142 2513 1365 2568 nostra
1420 2504 1726 2567 Budense
1776 2522 1888 2585 per
1952 2513 2347 2572 mercatores
2418 2507 2713 2568 eiusdem
2784 2505 3052 2568 civitatis

812 2620 1032 2674 nostre
1079 2619 1143 2674 et
1192 2614 1351 2675 alios
1401 2613 1697 2676 forenses
1762 2614 2063 2677 homines
2128 2615 2469 2694 ponderari
2536 2615 3051 2688 consuevissent,

812 2719 895 2780 ad
928 2720 1284 2785 claustrum
1317 2720 1674 2782 earundem
1722 2721 2138 2784 dominarum
2170 2722 2761 2785 sanctimonialium
2788 2722 2853 2782 in
2887 2721 3053 2782 dicta

811 2825 1024 2888 insula
1069 2825 1414 2889 fundatum
1448 2829 1533 2889 ab
1565 2828 1835 2907 antiquo
1867 2830 2258 2909 pertinuerit,
2294 2830 2414 2908 ipsi
2446 2847 2710 2909 quoque
2741 2836 3050 2891 mercato·

812 2950 915 2994 res
962 2940 1025 2995 et
1070 2934 1170 2995 alii
1219 2934 1514 2997 forenses
1561 2936 1863 2998 homines
1911 2954 1993 2998 ex
2038 2937 2307 3016 antiqua
2362 2937 2838 2999 consuetudine
2905 2953 3051 2998 cum

813 3058 1040 3103 eorum
1087 3042 1282 3104 rebus
1327 3060 1445 3121 pro
1493 3044 1959 3122 ponderatione
2000 3044 2301 3107 facienda
2339 3045 2421 3107 ad
2454 3042 2829 3107 huiusmodi
2879 3060 3052 3105 men-

813 3164 1035 3210 suram
1084 3166 1342 3228 semper
1398 3167 1734 3213 recursum
1801 3152 2163 3229 habuerint,
2214 3159 2278 3215 et
2324 3151 2556 3214 exinde
2621 3151 2851 3214 solitos
2917 3168 3052 3231 pro-

812 3263 1049 3317 ventus
1115 3257 1441 3334 solverint,
1509 3265 1726 3320 tamen
1776 3276 1897 3322 vos
1946 3277 2079 3321 non
2129 3261 2369 3322 curatis
2429 3259 2803 3322 huiusmodi
2872 3257 3051 3339 privi-

810 3362 1011 3439 legiis,
1062 3363 1308 3426 eisdem
1357 3383 1473 3444 per
1516 3365 2013 3444 predecessores
2051 3385 2238 3446 reges
2271 3374 2534 3430 nostros
2564 3375 2638 3430 ut
2666 3367 3051 3446 premissum

816 3478 914 3530 est
958 3471 1238 3548 gratiose
1287 3473 1641 3549 concessiS,
1690 3474 2048 3535 novissime
2095 3474 2425 3553 quendam
2473 3475 2846 3537 Johannem
2905 3473 3053 3535 Ras-

816 3576 1094 3654 cianum‚
1145 3577 1351 3639 civem
1401 3580 1637 3641 scilicet
1685 3588 1983 3642 nostrum
2031 3582 2092 3642 in
2140 3581 2336 3660 opido
2382 3590 2606 3644 nostro
2656 3580 2868 3662 Kewy
2908 3581 3052 3642 resi-

815 3684 1098 3760 dentem,
1149 3686 1337 3747 certis
1385 3686 1580 3747 rebus
1628 3688 1787 3765 suiS,
1838 3706 2004 3766 quas
2051 3688 2134 3750 ad
2184 3688 2677 3767 ponderandum
2711 3694 3048 3767 portasset,

815 3791 1070 3853 minues
1118 3792 1282 3853 iuste
1330 3799 1392 3853 et
1441 3794 1722 3855 indebite
1787 3796 2182 3873 privasseti5‚
2235 3804 2297 3858 et
2344 3796 2555 3858 eidem
2622 3811 3047 3874 sepenumero

815 3899 1054 3977 petenti
1124 3898 1392 3961 easdem
1455 3901 1718 3963 reddere
1786 3904 2211 3965 recusassetis
2277 3905 2826 3983 recusaretisque·
2863 3903 3047 3964 etiarn

815 4005 894 4066 de
943 4006 1245 4084 presenti,
1304 4008 1365 4068 in
1414 4009 1835 4087 preiudicium
1884 4010 2116 4073 iurium
2182 4012 2580 4091 prefatamm
2646 4011 3045 4073 dominarum

814 4114 1402 4177 sanctimonialium
1448 4117 1635 4177 valde
1682 4135 2017 4197 magnum.
2067 4117 2151 4180 Et
2200 4121 2353 4200 quia
2400 4138 2482 4182 ex
2529 4118 2818 4199 suscepti
2858 4116 3045 4180 nostri

815 4220 1138 4297 regiminis
1164 4220 1383 4284 officio
1405 4231 1700 4285 tenemur
1721 4243 2261 4306 unumquemque
2297 4227 2772 4308 regnicolarum
2806 4232 3045 4288 nostro-

815 4344 957 4387 rum
1007 4327 1070 4389 in
1118 4329 1257 4390 suis
1308 4330 1493 4392 iustis
1543 4332 1787 4394 iuribus
1839 4351 2249 4411 conservare,
2304 4335 2449 4397 ideo
2507 4334 2789 4396 fidelitati
2844 4339 3047 4394 vestre

816 4433 1048 4493 harum
1098 4436 1260 4497 serie
1292 4437 1658 4500 firmissime
1692 4442 2156 4504 committimus
2190 4450 2252 4502 et
2284 4443 2699 4515 mandamuS‚
2734 4447 3048 4519 quatenus

814 4541 1088 4620 receptis
1152 4546 1582 4621 presentibus,
1649 4549 2035 4627 prescriptae
2093 4566 2197 4610 res
2256 4568 2372 4629 per
2417 4567 2559 4627 vos,
2611 4558 2682 4611 ut
2746 4548 3051 4629 prefertur
