3475 5200
555 4209 662 4250 143⁸

502 4280 630 4323 decz.
649 4284 708 4326 17.

1689 358 2076 412 -130—

759 587 896 642 rata
933 580 1017 641 ab
1057 578 1214 657 ipsis
1253 577 1732 657 exponentibus
1779 578 1897 639 sibi
1946 578 2212 640 libenter
2258 578 2647 657 volentibus,
2686 581 2899 646 levare
2939 589 3002 641 et

760 688 1039 767 recipere
1106 688 1336 749 nolens
1393 695 1766 749 recusasset
1823 695 1885 749 et
1940 695 2268 750 recusaret
2314 688 2506 751 etiam
2556 691 2636 752 de
2702 695 3001 771 presenti,

758 797 1024 860 easdem
1059 796 1516 874 possession&
1547 796 1970 875 potentialiter
2000 814 2114 875 per
2145 813 2306 858 suos
2335 797 2635 859 homines
2656 800 2999 878 plurimum

758 904 1031 965 desolari
1097 903 1344 965 faciens
1411 904 1470 965 in
1539 903 1961 982 preiudicium
2026 902 2345 965 dictorum
2411 908 2869 984 exponentium
2936 919 3003 971 et

757 1012 1116 1090 dampnum
1163 1011 1688 1089 valdemagnum.
1730 1009 1943 1090 Super
1980 1029 2112 1090 quo
2152 1011 2432 1073 fidelitati
2480 1021 2694 1075 vestre
2728 1014 3005 1076 firmiter

757 1119 1181 1198 precipientes
1224 1118 1640 1196 mandamuS‚
1682 1127 2008 1197 quatenus
2049 1127 2340 1181 vestrum
2372 1120 2635 1182 mittatis
2668 1122 2999 1184 hominem

757 1245 872 1305 pro
911 1228 1280 1289 testimonio
1319 1226 1744 1306 fidedignum,
1788 1243 1921 1305 quo
1959 1233 2259 1305 presente
2308 1225 2613 1306 magister
2660 1228 3001 1291 Ladislaus

755 1335 834 1396 de
882 1333 1166 1412 Maglod‚
1216 1342 1330 1395 aut
1361 1335 1519 1395 alter
1566 1332 2035 1395 Ladislausde
2084 1333 2362 1410 Damam
2412 1336 2511 1396 vel
2560 1333 2868 1397 Nicolaus
2915 1338 3001 1398 de

754 1444 940 1521 AIag,
962 1442 1099 1504 sive
1121 1441 1428 1521 Mathyas
1460 1442 1541 1503 de
1581 1442 1833 1512 eadem,
1868 1450 1983 1504 aut
2020 1439 2360 1504 Emericus
2394 1442 2475 1504 de
2506 1441 2798 1517 Palotha‚
2830 1460 3000 1505 neve

753 1550 1088 1611 Johannes
1136 1551 1216 1611 de
1266 1548 1567 1621 Chemer,
1596 1566 1681 1609 an
1717 1547 1972 1610 Blasius
2004 1550 2106 1610 vel
2139 1548 2436 1611 Thomas
2469 1548 2550 1611 de
2598 1549 2846 1640 DabOZ,
2895 1551 2998 1612 sin

755 1655 1028 1720 Michael
1062 1656 1141 1718 de
1168 1656 1218 1717 F
1221 1656 1468 1736 elkezy,
1496 1675 1616 1718 seu
1643 1655 1884 1719 Paulus
1918 1656 1998 1717 de
2031 1655 2254 1734 Dyod‚·
2269 1674 2434 1719 neve
2468 1657 2722 1718 Blasius
2754 1655 3000 1719 Nemes

753 1765 834 1826 de
874 1764 1043 1826 dicta
1081 1764 1130 1825 F
1134 1765 1380 1843 elkezy,
1421 1764 1559 1825 aliis
1600 1764 1984 1826 absentibus
2026 1763 2229 1826 homo
2274 1771 2498 1826 noster
2542 1764 2626 1825 ad
2674 1764 2997 1843 prefatum

752 1872 1098 1951 despotum
1147 1872 1470 1933 accedens
1515 1857 1911 1933 ammonent*
1946 1871 2230 1933 eundem
2278 1871 2479 1933 verbo
2527 1879 2750 1933 nostro
2797 1870 2995 1950 regi0‚

751 1986 822 2041 ut
869 1979 1006 2057 ipse
1054 1998 1095 2040 a
1141 1979 1464 2057 prelibatis
1513 1979 1748 2040 comite
1806 1976 2144 2057 Stephano
2191 1985 2255 2039 et
2300 1977 2601 2040 Johanne
2649 1978 2777 2040 filio
2825 1979 2995 2040 eius-

751 2086 920 2162 dem,
980 2087 1150 2147 illam
1207 2086 1632 2165 pecuniarum
1688 2099 2019 2156 summam
2068 2101 2185 2164 pro
2233 2103 2363 2164 qua
2420 2094 2792 2164 prenarrata
2846 2104 2997 2166 pos-

750 2193 960 2256 sessio
1007 2194 1253 2257 Thwra
1299 2193 1494 2256 simul
1545 2211 1696 2256 cum
1746 2194 2096 2273 pretaxatis
2143 2193 2370 2256 ceteris
2418 2191 2579 2254 villis
2625 2199 2689 2254 et
2734 2210 2995 2272 posses-

749 2302 1045 2366 sionibus
1108 2301 1191 2363 ad
1256 2303 1533 2363 eandem
1600 2301 2087 2381 pertinentibuS,
2155 2301 2275 2363 sibi
2339 2299 2505 2362 foret
2569 2299 2996 2380 impignorata

748 2410 961 2470 levare
1002 2417 1065 2472 et
1103 2408 1383 2488 recipere
1430 2409 1665 2470 debeat
1713 2414 1777 2469 et
1823 2415 2139 2470 teneatur.
2192 2408 2374 2488 Ipsas
2421 2424 2685 2488 quoque
2732 2424 2994 2487 posses-

746 2515 966 2577 siones
1014 2516 1279 2578 ulterius
1326 2515 1600 2577 desolari
1648 2515 1861 2577 facere
1908 2533 2039 2576 non
2088 2521 2491 2594 presummat
2536 2514 2993 2595 quovismod0‚

746 2624 1027 2702 alioquin
1077 2624 1450 2689 huiusmodi
1509 2623 1786 2702 pecunie
1854 2641 2187 2686 summam
2235 2642 2455 2686 coram
2502 2631 2728 2686 nostra
2773 2640 2994 2702 perso-

747 2732 871 2792 nali
921 2732 1245 2810 presentia
1291 2750 1404 2811 per
1452 2732 1630 2811 ipsos
1679 2740 2087 2811 exponentes
2140 2731 2391 2794 eisdem
2448 2738 2674 2793 nostro
2730 2730 2992 2793 homine

746 2845 806 2899 et
846 2838 1214 2901 testimonio
1253 2847 1470 2901 vestro
1530 2839 1944 2919 presentibus
1976 2840 2312 2918 deposita,
2360 2840 2416 2902 si
2457 2839 2629 2901 idem
2674 2839 2992 2917 despotus

744 2946 1007 3025 aliquod
1069 2946 1242 3007 aliud
1308 2947 1410 3009 ius
1476 2955 1684 3026 preter
1751 2947 2125 3010 huiusmodi
2193 2946 2755 3027 impignoratitiam
2825 2948 2991 3008 circa

743 3052 1061 3132 prefatam
1090 3055 1586 3134 possessionem
1620 3054 1868 3116 Thwra
1891 3063 1955 3117 et
1981 3073 2140 3117 suas
2173 3056 2590 3135 pertinentias
2620 3059 2993 3134 prenotatas

744 3178 815 3221 se
872 3162 1112 3224 habere
1169 3162 1556 3241 allegaverit,
1619 3171 1860 3229 extunc
1916 3163 2090 3224 idem
2146 3163 2352 3225 homo
2408 3169 2630 3226 noster
2692 3169 2991 3241 presente

743 3268 916 3329 dicto
955 3269 1325 3331 testimonio
1374 3280 1592 3332 vestro
1640 3277 1870 3332 evocet
1919 3270 2134 3348 ipsum
2182 3271 2534 3350 despotum
2582 3277 2807 3332 contra
2847 3285 2993 3330 eos-

742 3376 890 3436 dem
913 3393 993 3436 ex
1016 3370 1387 3456 [ponentes]
1421 3362 2030 3440 eandemnostram
2064 3379 2475 3456 personalem
2508 3376 2572 3439 in
2597 3376 2990 3456 presentiam

740 3483 822 3545 ad
846 3484 1190 3546 terminum
1224 3491 1720 3564 competentem.
1756 3485 2070 3547 rationem
2102 3485 2569 3565 premissorum
2603 3484 2991 3557 redditurus,

738 3591 862 3653 litis
905 3592 1245 3669 pendentis
1288 3592 1341 3654 si
1382 3611 1512 3671 qua
1554 3592 1715 3654 foret
1764 3592 1926 3654 inter
1971 3593 2151 3673 ipsos
2199 3610 2333 3654 non
2365 3591 2687 3655 obstantis
2720 3596 2783 3653 et
2814 3600 2991 3669 post—

741 3701 860 3761 hec
900 3699 1276 3762 huiusmodi
1323 3698 1810 3761 ammonitionis
1858 3701 2390 3779 evocationisque
2434 3707 2499 3761 et
2538 3699 2812 3761 aliorum
2850 3714 2993 3776 pre-

740 3807 1090 3869 missorum
1149 3807 1380 3869 seriem
1430 3814 1501 3868 ut
1549 3807 1736 3868 fuerit
1796 3808 2149 3885 expediens
2206 3824 2358 3868 cum
2416 3805 2683 3869 nomine
2740 3820 2991 3866 ammo-

738 3914 846 3976 niti
886 3921 949 3976 et
1007 3915 1258 3976 evocati
1308 3914 1711 3993 terminoque
1748 3915 2097 3993 assignato
2145 3914 2351 3975 eidem
2402 3919 2621 3977 nostre
2669 3913 2992 3993 personali

736 4022 1056 4102 presentie
1105 4021 1373 4082 fideliter
1420 4021 1806 4083 rescribatis
1861 4021 2100 4082 Datum
2143 4021 2327 4083 Bude
2371 4020 2528 4082 seria
2570 4028 2990 4099 quartapro-

735 4130 908 4191 xima
955 4137 1106 4209 post
1155 4128 1393 4190 festum
1442 4129 1629 4190 beate
1677 4128 1875 4191 Lucie
1923 4127 2204 4208 virginiS,
2253 4145 2430 4190 anno
2487 4127 2729 4190 domini
2788 4127 2992 4188 mille-

735 4238 901 4299 simo
950 4236 1253 4298 CCCC¹¹¹⁰
1301 4235 1625 4298 tricesimo
1674 4245 1932 4299 octavo,

947 4398 989 4445 A
1017 4396 1176 4445 budai
1204 4393 1553 4458 kaptalannak
1588 4396 1739 4446 1438.
1768 4396 2079 4446 deczember
2105 4393 2263 4445 22-611
2289 4395 2394 4445 kelt
2418 4390 2722 4455 estimabam,
2743 4394 2991 4458 melyben

556 4518 660 4561 1439
728 4487 926 4550 jelenti,
952 4487 1096 4551 hogy
1126 4500 1156 4534 a
1182 4485 1347 4550 kiraly
1385 4484 1844 4550 meghagyasanak
1870 4487 2040 4551 eleget
2063 4482 2203 4547 teve,
2242 4487 2458 4551 Gyorgy
2496 4484 2614 4539 [ἀοι
2653 4480 2933 4547 deszpotat
2961 4500 2992 4533 a

515 4596 615 4649 jan.
644 4594 708 4636 18.
728 4576 858 4641 j6v6
884 4573 1178 4628 vizkereszt
1205 4573 1576 4640 nyolczadjara
1602 4591 1632 4625 a
1657 4573 1822 4641 kiraly
1849 4574 1927 4628 ele
1964 4575 2272 4640 megidezte.
2300 4577 2370 4628 M.
2400 4576 2462 4628 Ο.
2492 4578 2551 4630 D.
2579 4576 2619 4626 L
2679 4574 2866 4626 13268.
2906 4588 2990 4624 sz.
