3475 5200
1553 356 1624 368 -—
1699 328 1947 383 214—-

1525 548 1978 612 CCLXXXIV.

1300 743 1587 822 Μῑιακό,
1644 743 1841 808 1456.
1888 713 2043 827 aug.
2089 743 2199 808 11.

630 919 816 972 Ssorza
871 921 911 971 F
913 936 1099 973 erencz
1167 921 1382 974 181188όί
1445 924 1674 987 herezeg
1727 922 1895 975 romai
1948 924 2277 986 kiiveteinek,
2339 923 2576 976 Viseonti
2639 925 2878 976 Bertalan

630 1012 844 1063 novarai
886 1013 1200 1078 piispoknek
1244 1010 1302 1063 85
1348 1012 1548 1078 Jacopo
1595 1012 1996 1064 Calcaterranak
2046 1015 2312 1079 megkiildi
2356 1031 2389 1064 a
2430 1011 2879 1079 nfindorfejerviri

1077 1101 1434 1169 gyozelemrffl
1457 1101 1864 1154 hozziterkezett
1887 1103 2089 1154 levelek
2114 1102 2430 1157 masolatait.

845 1265 1108 1330 Benehe
1175 1267 1504 1333 crediamo
1569 1268 1691 1331 che
1768 1268 1895 1329 alla
1960 1274 2269 1348 receputa
2337 1266 2418 1330 de
2487 1274 2738 1347 questa,
2812 1268 2877 1329 18

629 1373 868 1438 5881118
913 1373 995 1437 (18
1042 1381 1268 1437 nostro
1315 1374 1575 1455 signore
1622 1381 1686 1437 et
1733 1375 1870 1438 cosi
1916 1391 2050 1455 voy
2080 1375 2369 1437 havereti
2408 1374 2616 1437 intesa
2645 1383 2881 1455 questa

628 1481 1094 1562 gloriosissima
1140 1482 1397 1545 novella
1441 1481 1609 1544 della
1653 1480 1923 1545 victoria
1966 1482 2190 1545 hanno
2245 1482 2494 1545 havuto
2555 1465 2619 1544 li'
2662 1481 2875 1545 Chris·

628 1589 783 1652 tiani
830 1595 1056 1652 contra
1100 1589 1141 1651 li
1187 1588 1412 1669 perfidi
1457 1588 1700 1651 Turchi
1748 1588 1809 1650 in
1860 1588 2148 1669 Ungaria
2174 1597 2263 1674 ‘et
2330 1590 2451 1652 che
2512 1591 2577 1652 18
2640 1587 2879 1652 5881118

630 1714 751 1760 508
814 1714 929 1776 per
991 1703 1223 1775 questa
1285 1696 1580 1767 victoria,
1617 1697 1766 1760 sera
1826 1698 2043 1760 levata
2105 1696 2188 1759 de
2233 1698 2459 1778 grandi
2522 1696 2765 1759 affanni
2812 1703 2876 1759 et

630 1804 971 1868 malieonia
1035 1812 1100 1867 et
1162 1811 1330 1866 tutta
1393 1811 1679 1867 remasta
1740 1805 1891 1868 lieta
1954 1812 2017 1867 et
2081 1806 2209 1868 ben
2274 1812 2600 1884 contenta,
2655 1812 2875 1868 tamen

630 1929 745 1993 per
789 1914 854 1975 10
902 1912 1118 1975 debito
1184 1919 1411 1975 nostro
1467 1929 1549 1974 ve
1614 1913 1900 1978 havemo
1946 1914 2240 1993 vogliuto
2295 1913 2573 1976 scrivere
2627 1919 2878 1992 quanto

631 2020 950 2084 sentiamo
1023 2017 1106 2081 de
1183 2019 1355 2082 dicta
1431 2019 1801 2084 felicissima
1875 2021 2133 2083 novella
2208 2027 2273 2083 et
2337 2018 2475 2083 cosi
2549 2037 2631 2082 ve
2694 2037 2877 2081 man·

630 2128 850 2191 diamo
913 2129 971 2190 18
1037 2127 1286 2190 1881858
1315 2119 1322 2126 “
1350 2128 1536 2206 copie
1601 2145 1716 2207 per
1780 2129 1838 2190 18
1905 2128 2095 2207 quale
2159 2126 2533 2190 intendereti
2582 2127 2641 2189 81
2686 2135 2873 2204 tutt0,

629 2236 714 2297 ad
763 2232 861 2297 810
910 2235 1032 2296 che
1079 2234 1165 2297 (18
1210 2241 1435 2297 nostra
1499 2242 1681 2315 parte
1747 2253 1831 2297 ne
1896 2234 2167 2315 possiati
2222 2235 2476 2300 avisare
2518 2236 2582 2297 la
2627 2234 2881 2314 prefata

632 2342 869 2405 santita
892 2349 955 2404 et
1002 2359 1129 2405 808
1161 2359 1315 2405 essa
1360 2359 1486 2405 808
1534 2342 1688 2422 ogni
1734 2342 1953 2404 debita
1998 2342 2356 2405 reverentia
2400 2340 2877 2421 congratularvi

630 2450 711 2512 (18
759 2457 993 2529 questa
1037 2465 1301 2512 summa
1329 2450 1535 2529 gratia
1573 2450 1694 2512 che
1729 2450 1771 2510 l’
1805 2450 2248 2529 omnipotente
2280 2449 2404 2513 Dio
2435 2450 2524 2511 ha
2554 2466 2879 2512 concesso

629 2576 671 2620 8
715 2559 778 2619 18
823 2557 1127 2639 religione
1177 2556 1545 2635 christiana,
1595 2557 1677 2621 de
1722 2558 1787 2620 18
1833 2558 2023 2637 quale
2056 2572 2139 2621 ne
2172 2557 2691 2621 restiamo,tanto
2726 2555 2879 2633 11811,

632 2664 948 2727 consolati
1006 2672 1069 2727 et
1125 2665 1205 2727 de
1253 2666 1613 2729 bonissima
1657 2666 1876 2745 voglia
1939 2672 2187 2745 quanto
2251 2664 2391 2727 dire·
2448 2682 2522 2727 se
2588 2672 2878 2745 potesse,

631 2773 916 2836 maxime
962 2771 1200 2852 perche
1263 2773 1326 2834 18
1389 2772 1644 2852 prefata
1709 2773 1986 2835 sanctita
2033 2771 2179 2834 sera
2241 2773 2457 2834 levata
2510 2772 2591 2834 de
2647 2766 2877 2849 grandi
2958 2790 2983 2797 ”

631 2879 907 2959 pensieri
938 2886 1002 2941 et
1032 2879 1279 2941 affanni
1311 2886 1375 2942 et
1405 2879 1838 2942 amaritudine
1870 2880 2017 2942 nelli
2051 2879 2223 2958 quali
2262 2894 2383 2941 soa
2428 2885 2646 2941 mente
2692 2885 2885 2940 stava

632 2986 903 3061 afflieta3
948 3004 989 3047 8
1033 2986 1072 3049 11
1120 2985 1265 3066 pedi
1314 2985 1395 3049 de
1427 2987 1490 3048 la
1530 2988 1722 3064 quale
1755 2987 2198 3049 humelmente
2229 3001 2312 3047 ne
2346 2984 2876 3048 recomandareti.

454 3060 559 3106 ¹⁴⁵⁰
634 3094 798 3156 Date
844 3093 1192 3157 Mediolani
1239 3093 1340 3157 die
1385 3094 1492 3156 XI.
1541 3094 1825 3174 Augusti
1879 3091 2066 3156 1456.

395 3146 510 3191 aug.
541 3135 610 3180 11.

845 3288 1092 3353 Kiviil:
1163 3290 1542 3354 Reverendo
1621 3289 1892 3353 domino
1974 3290 2284 3371 episcopo
2362 3290 2739 3354 Navariensi
2816 3297 2885 3352 et

631 3398 898 3461 domino
947 3397 1196 3461 Jacobo
1246 3398 1609 3461 Calcaterre
1655 3398 1882 3462 Rome.

845 3537 1080 3603 Milandi,
1118 3526 1177 3590 Α.
1219 3539 1276 3590 L.
1316 3539 1370 3590 Ρ.
1409 3538 1467 3590 E.
1508 3539 1727 3605 monna).

1544 3826 1976 3890 CCLXXXV.

1273 4022 1637 4107 Niirnberg
1680 4022 1874 4087 1456.
1924 4039 2076 4107 aug.
2123 4015 2232 4088 13.

631 4199 909 4265 Niirnberg
935 4199 1093 4253 viu-os
1130 4198 1348 4252 1888858
1375 4201 1757 4266 Weissenburg
1780 4199 2023 4253 varosfit²
2052 4202 2298 4269 Hunyadi
2324 4200 2487 4253 18805
2520 4201 2879 4267 88881οή8381·-

1387 4289 1496 4341 vari
1532 4289 1886 4356 gyozelmerol
1920 4288 2130 4343 ertesiti.

846 4436 1104 4500 Anzeiger
1126 4436 1213 4488 fiir
1237 4434 1432 4488 Kunde
1459 4438 1552 4488 der
1578 4439 1869 4488 deutschen
1894 4438 2121 4489 Vorzeit·
2159 4439 2309 4490 1864.
2339 4438 2640 4490 369—374.
2680 4452 2683 4455 ¹

850 4556 868 4589 ¹
893 4563 938 4612 A
965 4560 1336 4626 Nordgauban.
