3475 5200
1677 297 1922 349 - 2ffl
1995 328 2065 337 -.

1751 516 1991 581 CCCL.

1465 716 1685 792 Euda,
1734 713 1929 778 1460.
1980 733 2126 777 nov.
2173 711 2282 776 26.

926 873 1254 940 Maganlevel
1291 892 1323 925 a
1360 876 1582 926 szerbiai
1620 872 1928 924 harczokrol
1966 872 2024 923 es
2065 871 2292 947 ngilagyi
2332 869 2534 937 Mihiuy
2571 866 2810 921 35313161.

962 1037 1356 1120 Exemplum
1388 1039 1739 1101 litterarum
1773 1038 2158 1118 scriptarum
2181 1054 2297 1117 per
2328 1036 2681 1116 quemdam
2711 1032 2997 1097 amicum

752 1148 1173 1227 fidedignum.

965 1255 1239 1336 Egregie
1289 1256 1494 1318 maior
1540 1255 1943 1317 honorande.
1996 1254 2179 1318 Sono
2226 1252 2336 1334 piu
2383 1251 2589 1333 giorni
2638 1270 2772 1316 non
2803 1254 2865 1313 vi
2910 1253 2998 1313 ho

756 1363 973 1426 scritto
1038 1365 1275 1425 alcuna
1339 1380 1534 1425 cossa
1581 1380 1695 1443 per
1741 1380 1876 1424 non
1923 1364 2010 1425 mi
2058 1360 2259 1424 haver
2312 1368 2566 1424 trovato
2613 1377 2697 1423 ne
2741 1362 2805 1422 la
2853 1359 2997 1421 cita.

756 1473 932 1533 Hora
978 1471 1583 1547 attrovandomene,
1651 1477 1716 1533 et
1781 1469 2179 1532 occorrendo
2228 1487 2425 1531 cossa
2469 1471 2531 1531 al
2587 1468 2820 1531 iudicio
2867 1468 2998 1529 rnio

756 1577 1141 1657 importante
1190 1576 1278 1640 ho
1326 1578 1676 1641 deliberato
1725 1578 2026 1640 scrivervi
2075 1584 2350 1656 questa,⁷
2394 1577 2679 1639 essendo
2726 1592 2998 1638 occorso

756 1689 877 1746 che
924 1686 987 1746 la
1031 1686 1273 1764 pratica
1329 1686 1409 1776 de
1465 1687 1528 1747 la
1580 1704 1745 1766 pace
1792 1704 1865 1749 se
1912 1688 2169 1748 haveva
2213 1692 2686 1748 secretamente
2751 1700 2875 1745 con
2941 1682 2999 1743 el

760 1793 979 1870 signor
1009 1792 1228 1854 Turco
1276 1811 1408 1855 non
1463 1795 1632 1855 have
1677 1794 1845 1856 loco.
1881 1793 2122 1855 Turchi
2154 1809 2564 1855 comenzono
2611 1810 2652 1853 a
2698 1790 2997 1853 danizare

760 1917 792 1961 e
841 1898 1110 1980 predare
1176 1900 1216 1961 li
1266 1899 1503 1962 confini
1552 1906 1615 1962 et
1662 1900 1979 1963 obsedere
2026 1901 2084 1962 el
2132 1900 2396 1962 castello
2445 1899 2525 1961 de
2573 1898 2894 1976 Chanin0‚
2943 1899 2999 1959 el

760 2008 947 2085 quale
1004 2024 1118 2086 per
1182 2023 1316 2069 non
1364 2025 1436 2069 se
1500 2008 1541 2069 li
1607 2008 1811 2088 poder
1875 2008 1992 2069 dar
2047 2024 2358 2071 soccorso
2426 2008 2603 2069 cussi
2649 2014 2887 2086 prest0,
2937 2006 2997 2066 in

760 2114 949 2193 pochi
1017 2113 1078 2175 (11
1127 2131 1199 2176 53
1271 2131 1478 2193 perse,
1529 2116 1586 2177 el
1636 2118 1826 2195 quale
1874 2133 1988 2196 per
2032 2116 2166 2178 ditti
2232 2115 2468 2194 pagani
2517 2114 2586 2177 fo
2625 2114 2997 2176 totalmente

760 2222 1012 2283 ruinato
1053 2229 1115 2282 et
1153 2222 1456 2284 desfatto.
1509 2225 1799 2302 Apresso
1831 2242 1872 2285 a
1904 2232 2137 2301 questo
2185 2241 2269 2286 ne
2315 2222 2657 2286 andorono
2698 2221 2785 2283 ad
2823 2238 2997 2284 asse-

764 2329 934 2389 111313
1002 2329 1059 2389 31
1129 2330 1393 2391 33513110
1463 2330 1545 2391 (13
1612 2327 1817 2392 Santo
1893 2330 2214 2416 Ladislao,
2264 2332 2322 2392 el
2397 2332 2587 2409 quale
2652 2347 2694 2391 a
2757 2328 2997 2409 grande

764 2435 1097 2497 extremita
1131 2438 1573 2514 condussenO,
1622 2455 1932 2500 successe
1973 2440 2094 2501 che
2141 2456 2255 2519 per
2287 2439 2497 2518 riparo
2550 2444 2613 2500 et
2662 2437 2998 2499 defension

760 2545 841 2605 dc
887 2543 927 2604 li
976 2544 1215 2606 confini
1263 2552 1489 2607 contra
1534 2544 1668 2607 ditti
1715 2547 1952 2626 pagani
1998 2548 2062 2608 13
2107 2546 2360 2608 maesta
2392 2546 2510 2609 (131
2543 2562 2609 2607 re
2655 2543 2900 2626 deputo
2946 2543 3000 2604 el

764 2650 1110 2728 magnifico
1158 2651 1379 2731 signor
1410 2659 1600 2715 conte
1651 2651 1731 2714 de
1765 2653 2067 2730 Bestrice,
2107 2653 2227 2716 zoe
2266 2651 2612 2733 Silagimial
2653 2670 2780 2714 suo
2805 2652 2996 2714 barba

764 2756 1020 2837 capitan
1084 2761 1383 2838 generale
1457 2779 1498 2821 3
1562 2762 1771 2839 quelle
1838 2768 2017 2841 parte
2080 2762 2411 2842 deputado
2466 2767 2529 2823 et
2595 2759 3002 2840 governador

764 2865 1060 2941 generale
1128 2867 1210 2927 de
1274 2874 1411 2929 tute
1465 2870 1526 2930 le
1581 2878 1761 2947 parte
1827 2869 2074 2932 silvane
2123 2877 2186 2932 et
2233 2871 2313 2932 de
2359 2871 2417 2931 le
2466 2871 2624 2931 oltre
2682 2867 3005 2947 provincie

764 2973 1214 3050 cit-constante,
1263 2975 1386 3036 che
1441 2974 1598 3038 ditto
1646 2983 1838 3038 conte
1870 2977 2153 3038 havesse
2199 2978 2407 3055 quelle
2458 2994 2497 3036 a
2548 2993 2673 3037 suo
2719 2959 3005 3054 governo

767 3097 877 3158 per
920 3080 1162 3159 podere
1209 3081 1447 3160 riparar
1492 3084 1611 3144 alle
1659 3085 1942 3162 potentie
1988 3093 2262 3163 pagane.
2331 3084 2487 3145 Item
2536 3084 2699 3145 oltra
2745 3082 2805 3143 le
2853 3082 3003 3142 altre

764 3205 954 3249 cosse
979 3189 1046 3250 fo
1072 3189 1402 3268 deputado
1427 3198 1490 3252 et
1514 3192 1898 3270 promessoli
1923 3193 2005 3254 de
2033 3193 2170 3254 farli
2195 3193 2309 3254 dar
2340 3211 2382 3252 a
2406 3209 2531 3254 suo
2556 3207 2847 3270 governo
2873 3195 3005 3251 tute

764 3294 820 3354 le
868 3296 1023 3356 altre
1073 3298 1332 3358 castelle
1380 3299 1461 3359 de
1509 3299 1570 3359 la
1618 3299 1754 3361 riva
1785 3300 1904 3361 alle
1938 3300 2196 3361 confine
2229 3294 2290 3361 et
2321 3295 2622 3380 precipue
2655 3299 2714 3359 el
2745 3298 3005 3359 castello

768 3402 845 3462 113
893 3402 1231 3480 Belgrado,
1282 3406 1337 3465 el
1385 3407 1536 3485 qual
1583 3408 1738 3468 altre
1782 3409 1953 3469 volte
1994 3408 2162 3470 have
2205 3426 2246 3468 a
2275 3424 2399 3469 suo
2430 3423 2723 3487 governo
2771 3411 2838 3466 et
2883 3421 3004 3466 con

768 3516 997 3586 queste
1038 3512 1407 3589 provisione
1453 3514 1611 3576 ditto
1659 3522 1850 3576 conte
1898 3516 1959 3576 in
2009 3516 2187 3576 brevi
2236 3513 2297 3576 di
2347 3513 2673 3593 congrego
2730 3512 3006 3574 exercito

768 3618 847 3676 de
874 3617 1040 3678 circa
1062 3636 1342 3696 persone
1371 3612 1556 3682 VIIIM
1577 3639 1612 3683 e
1644 3623 1879 3683 conlui
1906 3625 1962 3684 el
1992 3622 2530 3684 reverendissimo
2552 3622 2774 3700 signor
2796 3621 3008 3698 legato

768 3734 832 3786 et
877 3724 1013 3786 altri
1057 3726 1299 3804 prelati,
1334 3728 1559 3790 baroni
1608 3736 1671 3790 et
1718 3730 1930 3792 nobeli
1980 3730 2082 3792 del
2129 3747 2345 3792 reame
2393 3728 2474 3790 de
2522 3729 2730 3808 quelle
2770 3727 3008 3789 circon-

768 3840 979 3893 stante
1026 3842 1227 3912 parte,
1263 3853 1387 3896 con
1422 3837 1477 3898 el
1510 3839 1661 3915 qual
1694 3838 1978 3900 exercito
2017 3855 2091 3899 se
2123 3837 2391 3899 drizono
2422 3854 2615 3898 verso
2656 3837 2714 3896 el
2747 3833 3008 3896 castello

768 3939 1053 4018 predicto
1100 3941 1182 4004 de
1229 3941 1361 4003 San
1424 3943 1746 4022 Ladislao,
1813 3947 1871 4007 el
1928 3945 2118 4024 quale
2164 3946 2249 4005 da
2294 3946 2358 4006 lo
2405 3944 2685 4005 exercito
2751 3955 3010 4022 pagano

768 4065 877 4107 era
914 4058 1331 4127 gravemente
1379 4068 1715 4131 oppresso.
1767 4052 1789 4112 I
1824 4053 1975 4131 qual
2006 4052 2245 4132 pagani
2278 4050 2596 4114 sentendo
2629 4050 2787 4112 ditto
2822 4053 3010 4110 conte

768 4166 828 4214 31
877 4173 1001 4218 suo
1050 4159 1330 4220 exercito
1378 4161 1890 4238 apropinquarse
1940 4178 2011 4222 se
2060 4161 2406 4222 ritrasseno
2455 4159 2542 4224 da
2584 4157 2620 4219 l’
2643 4160 2804 4221 altra
2833 4164 3010 4237 parte

768 4262 869 4348 (131
938 4264 1238 4329 Danubio
1305 4266 1368 4328 in
1432 4269 1491 4329 le
1553 4268 1694 4330 loro
1763 4268 1938 4330 forze
1987 4271 2043 4329 el
2095 4265 2446 4329 abandono
2511 4266 2550 4327 1'
2602 4265 2862 4328 assedio
2931 4265 3011 4325 de

772 4370 928 4431 111110
977 4374 1273 4449 castell03
1324 4376 1869 4455 sopravegnando
1918 4376 1975 4437 el
2008 4383 2199 4437 conte
2232 4374 2506 4454 preditto
2552 4381 2615 4434 et
2661 4390 2787 4435 suo
2836 4388 3011 4433 exer-

772 4478 917 4550 citO,
986 4479 1143 4542 ditto
1210 4484 1477 4544 castello
1543 4501 1730 4563 prese
1798 4491 1861 4544 et
1928 4481 2156 4545 fornite
2223 4482 2302 4543 de
2367 4487 2558 4543 zente
2611 4488 2673 4542 et
2714 4479 3014 4543 victualie

2946 4743 3406 5134 ..ml
