<?xml version="1.0" encoding="UTF-8"?>
<!DOCTYPE html PUBLIC "-//W3C//DTD XHTML 1.0 Transitional//EN"
    "http://www.w3.org/TR/xhtml1/DTD/xhtml1-transitional.dtd">
<html xmlns="http://www.w3.org/1999/xhtml" xml:lang="en" lang="en">
 <head>
  <title>
</title>
<meta http-equiv="Content-Type" content="text/html;charset=utf-8" />
  <meta name='ocr-system' content='tesseract 3.04.00' />
  <meta name='ocr-capabilities' content='ocr_page ocr_carea ocr_par ocr_line ocrx_word'/>
</head>
<body>
  <div class='ocr_page' id='page_1' title='image "./codexdiplomatic00horvgoog/codexdiplomatic00horvgoog_0168.png"; bbox 0 0 3475 5200; ppageno 0'>
   <div class='ocr_carea' id='block_1_1' title="bbox 1706 307 2056 359">
    <p class='ocr_par' dir='ltr' id='par_1_1' title="bbox 1706 307 2056 359">
     <span class='ocr_line' id='line_1_1' title="bbox 1706 307 2056 359; baseline -0.003 -14"><span class='ocrx_word' id='word_1_1' title='bbox 1706 307 2056 359; x_wconf 78' lang='grc'><strong>-36-</strong></span> 
     </span>
    </p>
   </div>
   <div class='ocr_carea' id='block_1_2' title="bbox 1736 525 2043 587">
    <p class='ocr_par' dir='ltr' id='par_1_2' title="bbox 1736 525 2043 587">
     <span class='ocr_line' id='line_1_2' title="bbox 1736 525 2043 587; baseline 0.003 -1"><span class='ocrx_word' id='word_1_2' title='bbox 1736 525 2043 587; x_wconf 81' lang='lat' dir='ltr'>Lxxxss.</span> 
     </span>
    </p>
   </div>
   <div class='ocr_carea' id='block_1_3' title="bbox 1491 719 2275 803">
    <p class='ocr_par' dir='ltr' id='par_1_3' title="bbox 1491 719 2275 803">
     <span class='ocr_line' id='line_1_3' title="bbox 1491 719 2275 803; baseline -0.004 -19"><span class='ocrx_word' id='word_1_3' title='bbox 1491 720 1747 803; x_wconf 82' lang='lat' dir='ltr'><em>Capua,</em></span> <span class='ocrx_word' id='word_1_4' title='bbox 1805 722 1993 784; x_wconf 83' lang='lat'><em>1394.</em></span> <span class='ocrx_word' id='word_1_5' title='bbox 2032 719 2161 801; x_wconf 69' lang='lat' dir='ltr'>jzil.</span> <span class='ocrx_word' id='word_1_6' title='bbox 2212 723 2275 784; x_wconf 83' lang='lat'>4.</span> 
     </span>
    </p>
   </div>
   <div class='ocr_carea' id='block_1_4' title="bbox 729 861 3001 4579">
    <p class='ocr_par' dir='ltr' id='par_1_4' title="bbox 752 861 3001 1106">
     <span class='ocr_line' id='line_1_4' title="bbox 753 861 3001 929; baseline -0 -15"><span class='ocrx_word' id='word_1_7' title='bbox 753 863 943 914; x_wconf 67' lang='lat' dir='ltr'>Lfiszlo</span> <span class='ocrx_word' id='word_1_8' title='bbox 982 862 1195 928; x_wconf 69' lang='lat' dir='ltr'>napolyi</span> <span class='ocrx_word' id='word_1_9' title='bbox 1230 861 1397 929; x_wconf 63' lang='lat' dir='ltr'>kiraly</span> <span class='ocrx_word' id='word_1_10' title='bbox 1433 880 1464 913; x_wconf 80' lang='lat' dir='ltr'>a</span> <span class='ocrx_word' id='word_1_11' title='bbox 1501 862 1927 928; x_wconf 70' lang='lat' dir='ltr'>magyarorszagi</span> <span class='ocrx_word' id='word_1_12' title='bbox 1952 863 2279 928; x_wconf 56' lang='lat' dir='ltr'>newundja,</span> <span class='ocrx_word' id='word_1_13' title='bbox 2300 879 2332 913; x_wconf 85' lang='lat' dir='ltr'>a</span> <span class='ocrx_word' id='word_1_14' title='bbox 2352 861 2569 914; x_wconf 70' lang='lat' dir='ltr'>Horvati</span> <span class='ocrx_word' id='word_1_15' title='bbox 2590 861 2769 924; x_wconf 73' lang='lat' dir='ltr'>simos,</span> <span class='ocrx_word' id='word_1_16' title='bbox 2803 862 3001 913; x_wconf 71' lang='lat' dir='ltr'>macso‘i</span> 
     </span>
     <span class='ocr_line' id='line_1_5' title="bbox 752 950 2997 1018; baseline -0 -15"><span class='ocrx_word' id='word_1_17' title='bbox 752 952 857 1004; x_wconf 68' lang='lat' dir='ltr'>buin</span> <span class='ocrx_word' id='word_1_18' title='bbox 895 951 1014 1003; x_wconf 61' lang='lat' dir='ltr'>Attal</span> <span class='ocrx_word' id='word_1_19' title='bbox 1051 957 1146 1004; x_wconf 85' lang='lat' dir='ltr'>tett</span> <span class='ocrx_word' id='word_1_20' title='bbox 1183 956 1370 1004; x_wconf 70' lang='lat' dir='ltr'>osszes</span> <span class='ocrx_word' id='word_1_21' title='bbox 1407 950 1875 1018; x_wconf 69' lang='lat' dir='ltr'>engedmenyeket,</span> <span class='ocrx_word' id='word_1_22' title='bbox 1915 951 2454 1018; x_wconf 61' lang='lat' dir='ltr'>adomfinyozasokat,</span> <span class='ocrx_word' id='word_1_23' title='bbox 2483 950 2867 1017; x_wconf 65' lang='lat' dir='ltr'>kivi&#39;iltsagokat</span> <span class='ocrx_word' id='word_1_24' title='bbox 2894 954 2997 1003; x_wconf 82' lang='lat' dir='ltr'>stb.</span> 
     </span>
     <span class='ocr_line' id='line_1_6' title="bbox 1717 1038 2031 1106; baseline 0.003 -14"><span class='ocrx_word' id='word_1_25' title='bbox 1717 1038 2031 1106; x_wconf 80' lang='lat' dir='ltr'>megert&#39;isiti.</span> 
     </span>
    </p>

    <p class='ocr_par' dir='ltr' id='par_1_5' title="bbox 729 1168 2997 4579">
     <span class='ocr_line' id='line_1_7' title="bbox 966 1168 2997 1251; baseline 0 -19"><span class='ocrx_word' id='word_1_26' title='bbox 966 1172 1086 1233; x_wconf 92' lang='lat' dir='ltr'>Pro</span> <span class='ocrx_word' id='word_1_27' title='bbox 1150 1171 1448 1234; x_wconf 86' lang='lat' dir='ltr'>Johanne</span> <span class='ocrx_word' id='word_1_28' title='bbox 1515 1172 1708 1233; x_wconf 89' lang='lat' dir='ltr'>bano.</span> <span class='ocrx_word' id='word_1_29' title='bbox 1789 1170 2131 1233; x_wconf 89' lang='lat' dir='ltr'>Ladizlaus</span> <span class='ocrx_word' id='word_1_30' title='bbox 2202 1172 2303 1233; x_wconf 88' lang='lat' dir='ltr'>dei</span> <span class='ocrx_word' id='word_1_31' title='bbox 2374 1171 2577 1251; x_wconf 85' lang='lat' dir='ltr'>gratia</span> <span class='ocrx_word' id='word_1_32' title='bbox 2646 1178 2766 1233; x_wconf 87' lang='lat' dir='ltr'>ete.</span> <span class='ocrx_word' id='word_1_33' title='bbox 2837 1168 2997 1232; x_wconf 86' lang='lat' dir='ltr'>Uni-</span> 
     </span>
     <span class='ocr_line' id='line_1_8' title="bbox 750 1278 2995 1358; baseline 0 -18"><span class='ocrx_word' id='word_1_34' title='bbox 750 1280 956 1341; x_wconf 89' lang='lat' dir='ltr'>versis</span> <span class='ocrx_word' id='word_1_35' title='bbox 1019 1285 1355 1358; x_wconf 83' lang='lat' dir='ltr'>presentes</span> <span class='ocrx_word' id='word_1_36' title='bbox 1415 1278 1629 1341; x_wconf 86' lang='lat' dir='ltr'>literas</span> <span class='ocrx_word' id='word_1_37' title='bbox 1693 1278 2078 1357; x_wconf 89' lang='lat' dir='ltr'>inspecturis</span> <span class='ocrx_word' id='word_1_38' title='bbox 2131 1286 2266 1340; x_wconf 87' lang='lat' dir='ltr'>tam</span> <span class='ocrx_word' id='word_1_39' title='bbox 2330 1278 2737 1357; x_wconf 84' lang='lat' dir='ltr'>presentibus</span> <span class='ocrx_word' id='word_1_40' title='bbox 2792 1295 2995 1357; x_wconf 85' lang='lat' dir='ltr'>quarn</span> 
     </span>
     <span class='ocr_line' id='line_1_9' title="bbox 750 1369 2993 1466; baseline -0 -19"><span class='ocrx_word' id='word_1_41' title='bbox 750 1386 999 1448; x_wconf 85' lang='lat' dir='ltr'>futuris.</span> <span class='ocrx_word' id='word_1_42' title='bbox 1035 1369 1582 1449; x_wconf 61' lang='lat' dir='ltr'>”confirmationis</span> <span class='ocrx_word' id='word_1_43' title='bbox 1627 1386 1981 1448; x_wconf 88' lang='lat' dir='ltr'>auctoritas</span> <span class='ocrx_word' id='word_1_44' title='bbox 2027 1384 2395 1466; x_wconf 88' lang='lat' dir='ltr'>frequenter</span> <span class='ocrx_word' id='word_1_45' title='bbox 2442 1387 2545 1448; x_wconf 91' lang='lat' dir='ltr'>ius</span> <span class='ocrx_word' id='word_1_46' title='bbox 2593 1385 2854 1449; x_wconf 86' lang='lat' dir='ltr'>exhibet</span> <span class='ocrx_word' id='word_1_47' title='bbox 2901 1387 2993 1446; x_wconf 89' lang='lat' dir='ltr'>in·</span> 
     </span>
     <span class='ocr_line' id='line_1_10' title="bbox 748 1492 2992 1572; baseline -0 -17"><span class='ocrx_word' id='word_1_48' title='bbox 748 1493 1004 1556; x_wconf 88' lang='lat' dir='ltr'>terdum</span> <span class='ocrx_word' id='word_1_49' title='bbox 1051 1510 1206 1556; x_wconf 91' lang='lat' dir='ltr'>vero</span> <span class='ocrx_word' id='word_1_50' title='bbox 1252 1492 1637 1571; x_wconf 82' lang='lat' dir='ltr'>suffragium</span> <span class='ocrx_word' id='word_1_51' title='bbox 1683 1494 1934 1555; x_wconf 88' lang='lat' dir='ltr'>cautele</span> <span class='ocrx_word' id='word_1_52' title='bbox 1982 1493 2283 1572; x_wconf 90' lang='lat' dir='ltr'>plenioris</span> <span class='ocrx_word' id='word_1_53' title='bbox 2331 1493 2637 1572; x_wconf 88' lang='lat' dir='ltr'>indulget,</span> <span class='ocrx_word' id='word_1_54' title='bbox 2672 1509 2800 1572; x_wconf 90' lang='lat' dir='ltr'>que</span> <span class='ocrx_word' id='word_1_55' title='bbox 2832 1493 2992 1554; x_wconf 91' lang='lat' dir='ltr'>dum</span> 
     </span>
     <span class='ocr_line' id='line_1_11' title="bbox 750 1599 2994 1680; baseline -0 -17"><span class='ocrx_word' id='word_1_56' title='bbox 750 1600 1141 1663; x_wconf 89' lang='lat' dir='ltr'>benevolum</span> <span class='ocrx_word' id='word_1_57' title='bbox 1196 1599 1486 1661; x_wconf 88' lang='lat' dir='ltr'>animum</span> <span class='ocrx_word' id='word_1_58' title='bbox 1543 1600 2053 1663; x_wconf 86' lang='lat' dir='ltr'>confirmationis</span> <span class='ocrx_word' id='word_1_59' title='bbox 2101 1601 2383 1663; x_wconf 87' lang='lat' dir='ltr'>ostendit</span> <span class='ocrx_word' id='word_1_60' title='bbox 2438 1602 2653 1680; x_wconf 91' lang='lat' dir='ltr'>ipsum</span> <span class='ocrx_word' id='word_1_61' title='bbox 2702 1618 2785 1661; x_wconf 83' lang='lat' dir='ltr'>ex</span> <span class='ocrx_word' id='word_1_62' title='bbox 2830 1617 2994 1678; x_wconf 84' lang='lat' dir='ltr'>quo-</span> 
     </span>
     <span class='ocr_line' id='line_1_12' title="bbox 750 1706 2994 1787; baseline 0 -18"><span class='ocrx_word' id='word_1_63' title='bbox 750 1708 902 1769; x_wconf 87' lang='lat' dir='ltr'>dam</span> <span class='ocrx_word' id='word_1_64' title='bbox 967 1707 1265 1787; x_wconf 90' lang='lat' dir='ltr'>promissi</span> <span class='ocrx_word' id='word_1_65' title='bbox 1332 1706 1548 1768; x_wconf 86' lang='lat' dir='ltr'>debito</span> <span class='ocrx_word' id='word_1_66' title='bbox 1595 1708 1678 1769; x_wconf 92' lang='lat' dir='ltr'>ad</span> <span class='ocrx_word' id='word_1_67' title='bbox 1727 1708 2210 1770; x_wconf 82' lang='lat' dir='ltr'>observantiam</span> <span class='ocrx_word' id='word_1_68' title='bbox 2259 1725 2381 1770; x_wconf 92' lang='lat' dir='ltr'>sue</span> <span class='ocrx_word' id='word_1_69' title='bbox 2442 1707 2994 1787; x_wconf 81' lang='lat' dir='ltr'>comprobatIOnis</span> 
     </span>
     <span class='ocr_line' id='line_1_13' title="bbox 749 1812 2990 1894; baseline 0 -18"><span class='ocrx_word' id='word_1_70' title='bbox 749 1815 1054 1893; x_wconf 82' lang='lat' dir='ltr'>astringit.</span> <span class='ocrx_word' id='word_1_71' title='bbox 1106 1812 1279 1876; x_wconf 88' lang='lat' dir='ltr'>Sane</span> <span class='ocrx_word' id='word_1_72' title='bbox 1317 1814 1462 1876; x_wconf 90' lang='lat' dir='ltr'>licet</span> <span class='ocrx_word' id='word_1_73' title='bbox 1500 1815 1594 1875; x_wconf 88' lang='lat' dir='ltr'>vir</span> <span class='ocrx_word' id='word_1_74' title='bbox 1641 1815 2032 1894; x_wconf 85' lang='lat' dir='ltr'>magnificus</span> <span class='ocrx_word' id='word_1_75' title='bbox 2078 1814 2415 1879; x_wconf 74' lang='lat' dir='ltr'>lohannes</span> <span class='ocrx_word' id='word_1_76' title='bbox 2464 1815 2676 1876; x_wconf 89' lang='lat' dir='ltr'>banus</span> <span class='ocrx_word' id='word_1_77' title='bbox 2722 1814 2990 1876; x_wconf 83' lang='lat' dir='ltr'>Macho-</span> 
     </span>
     <span class='ocr_line' id='line_1_14' title="bbox 750 1919 2989 2002; baseline -0.001 -18"><span class='ocrx_word' id='word_1_78' title='bbox 750 1922 994 1984; x_wconf 90' lang='lat' dir='ltr'>mensis</span> <span class='ocrx_word' id='word_1_79' title='bbox 1051 1919 1209 2000; x_wconf 88' lang='lat' dir='ltr'>(igy)</span> <span class='ocrx_word' id='word_1_80' title='bbox 1265 1922 1325 1983; x_wconf 95' lang='lat' dir='ltr'>in</span> <span class='ocrx_word' id='word_1_81' title='bbox 1384 1922 1557 1985; x_wconf 91' lang='lat' dir='ltr'>dicto</span> <span class='ocrx_word' id='word_1_82' title='bbox 1612 1939 1816 2001; x_wconf 88' lang='lat' dir='ltr'>regno</span> <span class='ocrx_word' id='word_1_83' title='bbox 1885 1921 2215 2002; x_wconf 87' lang='lat' dir='ltr'>Hungarie</span> <span class='ocrx_word' id='word_1_84' title='bbox 2281 1930 2343 1984; x_wconf 89' lang='lat' dir='ltr'>et</span> <span class='ocrx_word' id='word_1_85' title='bbox 2400 1922 2539 1984; x_wconf 87' lang='lat' dir='ltr'>aliis</span> <span class='ocrx_word' id='word_1_86' title='bbox 2596 1922 2808 2000; x_wconf 90' lang='lat' dir='ltr'>regnis</span> <span class='ocrx_word' id='word_1_87' title='bbox 2868 1922 2989 1983; x_wconf 90' lang='lat' dir='ltr'>sibi</span> 
     </span>
     <span class='ocr_line' id='line_1_15' title="bbox 748 2029 2990 2109; baseline 0 -18"><span class='ocrx_word' id='word_1_88' title='bbox 748 2030 1020 2109; x_wconf 83' lang='lat' dir='ltr'>agnexis</span> <span class='ocrx_word' id='word_1_89' title='bbox 1052 2037 1271 2091; x_wconf 89' lang='lat' dir='ltr'>noster</span> <span class='ocrx_word' id='word_1_90' title='bbox 1303 2029 1577 2091; x_wconf 88' lang='lat' dir='ltr'>vicarius</span> <span class='ocrx_word' id='word_1_91' title='bbox 1605 2030 1946 2109; x_wconf 88' lang='lat' dir='ltr'>generalis,</span> <span class='ocrx_word' id='word_1_92' title='bbox 1990 2031 2393 2092; x_wconf 83' lang='lat' dir='ltr'>consiliarius</span> <span class='ocrx_word' id='word_1_93' title='bbox 2421 2037 2485 2092; x_wconf 90' lang='lat' dir='ltr'>et</span> <span class='ocrx_word' id='word_1_94' title='bbox 2521 2030 2725 2092; x_wconf 81' lang='lat' dir='ltr'>fidelis</span> <span class='ocrx_word' id='word_1_95' title='bbox 2768 2037 2990 2092; x_wconf 91' lang='lat' dir='ltr'>noster</span> 
     </span>
     <span class='ocr_line' id='line_1_16' title="bbox 748 2136 2989 2217; baseline -0 -18"><span class='ocrx_word' id='word_1_96' title='bbox 748 2137 1021 2199; x_wconf 89' lang='lat' dir='ltr'>dilectus</span> <span class='ocrx_word' id='word_1_97' title='bbox 1077 2136 1525 2198; x_wconf 88' lang='lat' dir='ltr'>auctoritatem</span> <span class='ocrx_word' id='word_1_98' title='bbox 1573 2136 1720 2198; x_wconf 90' lang='lat' dir='ltr'>dicti</span> <span class='ocrx_word' id='word_1_99' title='bbox 1776 2137 2125 2200; x_wconf 83' lang='lat' dir='ltr'>vicariatus</span> <span class='ocrx_word' id='word_1_100' title='bbox 2172 2137 2368 2199; x_wconf 82' lang='lat' dir='ltr'>officii</span> <span class='ocrx_word' id='word_1_101' title='bbox 2418 2156 2547 2217; x_wconf 84' lang='lat' dir='ltr'>qua</span> <span class='ocrx_word' id='word_1_102' title='bbox 2597 2137 2989 2216; x_wconf 88' lang='lat' dir='ltr'>fungebatur</span> 
     </span>
     <span class='ocr_line' id='line_1_17' title="bbox 747 2244 2985 2325; baseline 0 -20"><span class='ocrx_word' id='word_1_103' title='bbox 747 2251 810 2307; x_wconf 89' lang='lat' dir='ltr'>et</span> <span class='ocrx_word' id='word_1_104' title='bbox 856 2245 1161 2323; x_wconf 84' lang='lat' dir='ltr'>fungitur,</span> <span class='ocrx_word' id='word_1_105' title='bbox 1210 2244 1479 2306; x_wconf 91' lang='lat' dir='ltr'>diversis</span> <span class='ocrx_word' id='word_1_106' title='bbox 1527 2244 1766 2306; x_wconf 89' lang='lat' dir='ltr'>nostris</span> <span class='ocrx_word' id='word_1_107' title='bbox 1813 2244 2110 2307; x_wconf 87' lang='lat' dir='ltr'>fidelibus</span> <span class='ocrx_word' id='word_1_108' title='bbox 2158 2262 2504 2325; x_wconf 87' lang='lat' dir='ltr'>regnorum</span> <span class='ocrx_word' id='word_1_109' title='bbox 2552 2244 2985 2324; x_wconf 87' lang='lat' dir='ltr'>predictorum</span> 
     </span>
     <span class='ocr_line' id='line_1_18' title="bbox 745 2351 2989 2430; baseline -0 -17"><span class='ocrx_word' id='word_1_110' title='bbox 745 2370 824 2413; x_wconf 88' lang='lat' dir='ltr'>ac</span> <span class='ocrx_word' id='word_1_111' title='bbox 843 2353 1138 2430; x_wconf 90' lang='lat' dir='ltr'>personis</span> <span class='ocrx_word' id='word_1_112' title='bbox 1157 2351 1297 2413; x_wconf 90' lang='lat' dir='ltr'>aliis</span> <span class='ocrx_word' id='word_1_113' title='bbox 1322 2352 1728 2413; x_wconf 86' lang='lat' dir='ltr'>benemeritis</span> <span class='ocrx_word' id='word_1_114' title='bbox 1749 2359 1813 2413; x_wconf 91' lang='lat' dir='ltr'>et</span> <span class='ocrx_word' id='word_1_115' title='bbox 1831 2352 2168 2430; x_wconf 82' lang='lat' dir='ltr'>condignis</span> <span class='ocrx_word' id='word_1_116' title='bbox 2200 2352 2491 2414; x_wconf 87' lang='lat' dir='ltr'>diversas</span> <span class='ocrx_word' id='word_1_117' title='bbox 2523 2352 2989 2414; x_wconf 90' lang='lat' dir='ltr'>concessiones</span> 
     </span>
     <span class='ocr_line' id='line_1_19' title="bbox 746 2458 2979 2539; baseline 0 -19"><span class='ocrx_word' id='word_1_118' title='bbox 746 2466 812 2520; x_wconf 90' lang='lat' dir='ltr'>et</span> <span class='ocrx_word' id='word_1_119' title='bbox 863 2459 1102 2539; x_wconf 85' lang='lat' dir='ltr'>gratias</span> <span class='ocrx_word' id='word_1_120' title='bbox 1165 2475 1556 2538; x_wconf 90' lang='lat' dir='ltr'>nuncusque</span> <span class='ocrx_word' id='word_1_121' title='bbox 1621 2458 1841 2521; x_wconf 83' lang='lat' dir='ltr'>fecerit</span> <span class='ocrx_word' id='word_1_122' title='bbox 1897 2466 1958 2520; x_wconf 91' lang='lat' dir='ltr'>et</span> <span class='ocrx_word' id='word_1_123' title='bbox 2015 2459 2226 2520; x_wconf 89' lang='lat' dir='ltr'>facere</span> <span class='ocrx_word' id='word_1_124' title='bbox 2274 2458 2502 2538; x_wconf 87' lang='lat' dir='ltr'>poterit</span> <span class='ocrx_word' id='word_1_125' title='bbox 2558 2458 2621 2518; x_wconf 89' lang='lat' dir='ltr'>in</span> <span class='ocrx_word' id='word_1_126' title='bbox 2671 2459 2979 2521; x_wconf 86' lang='lat' dir='ltr'>futurum.</span> 
     </span>
     <span class='ocr_line' id='line_1_20' title="bbox 745 2565 2986 2648; baseline 0 -20"><span class='ocrx_word' id='word_1_127' title='bbox 745 2565 885 2629; x_wconf 91' lang='lat' dir='ltr'>Nos</span> <span class='ocrx_word' id='word_1_128' title='bbox 903 2573 1120 2628; x_wconf 88' lang='lat' dir='ltr'>tamen</span> <span class='ocrx_word' id='word_1_129' title='bbox 1148 2566 1555 2629; x_wconf 88' lang='lat' dir='ltr'>intendentes</span> <span class='ocrx_word' id='word_1_130' title='bbox 1579 2584 1692 2628; x_wconf 88' lang='lat' dir='ltr'>eas</span> <span class='ocrx_word' id='word_1_131' title='bbox 1723 2573 1866 2629; x_wconf 90' lang='lat' dir='ltr'>tum</span> <span class='ocrx_word' id='word_1_132' title='bbox 1891 2574 2152 2648; x_wconf 91' lang='lat' dir='ltr'>propter</span> <span class='ocrx_word' id='word_1_133' title='bbox 2180 2567 2520 2647; x_wconf 88' lang='lat' dir='ltr'>probatam</span> <span class='ocrx_word' id='word_1_134' title='bbox 2553 2565 2756 2645; x_wconf 92' lang='lat' dir='ltr'>ipsius</span> <span class='ocrx_word' id='word_1_135' title='bbox 2785 2566 2986 2629; x_wconf 85' lang='lat' dir='ltr'>nostri</span> 
     </span>
     <span class='ocr_line' id='line_1_21' title="bbox 745 2674 2987 2754; baseline 0 -20"><span class='ocrx_word' id='word_1_136' title='bbox 745 2674 958 2735; x_wconf 89' lang='lat' dir='ltr'>vicarii</span> <span class='ocrx_word' id='word_1_137' title='bbox 1003 2674 1410 2753; x_wconf 83' lang='lat' dir='ltr'>legalitatem,</span> <span class='ocrx_word' id='word_1_138' title='bbox 1460 2692 1656 2753; x_wconf 88' lang='lat' dir='ltr'>quem</span> <span class='ocrx_word' id='word_1_139' title='bbox 1704 2691 1963 2754; x_wconf 90' lang='lat' dir='ltr'>semper</span> <span class='ocrx_word' id='word_1_140' title='bbox 2009 2682 2219 2736; x_wconf 89' lang='lat' dir='ltr'>status</span> <span class='ocrx_word' id='word_1_141' title='bbox 2267 2674 2465 2736; x_wconf 87' lang='lat' dir='ltr'>nostri</span> <span class='ocrx_word' id='word_1_142' title='bbox 2507 2674 2763 2753; x_wconf 91' lang='lat' dir='ltr'>vigilem</span> <span class='ocrx_word' id='word_1_143' title='bbox 2810 2674 2987 2735; x_wconf 86' lang='lat' dir='ltr'>inve-</span> 
     </span>
     <span class='ocr_line' id='line_1_22' title="bbox 745 2782 2982 2861; baseline -0.001 -18"><span class='ocrx_word' id='word_1_144' title='bbox 745 2782 962 2843; x_wconf 88' lang='lat' dir='ltr'>nimus</span> <span class='ocrx_word' id='word_1_145' title='bbox 1026 2788 1484 2861; x_wconf 88' lang='lat' dir='ltr'>promotorem,</span> <span class='ocrx_word' id='word_1_146' title='bbox 1542 2788 1679 2842; x_wconf 92' lang='lat' dir='ltr'>tum</span> <span class='ocrx_word' id='word_1_147' title='bbox 1727 2783 1923 2843; x_wconf 90' lang='lat' dir='ltr'>etiam</span> <span class='ocrx_word' id='word_1_148' title='bbox 1990 2788 2248 2861; x_wconf 89' lang='lat' dir='ltr'>propter</span> <span class='ocrx_word' id='word_1_149' title='bbox 2311 2782 2982 2843; x_wconf 89' lang='lat' dir='ltr'>concessionariorum</span> 
     </span>
     <span class='ocr_line' id='line_1_23' title="bbox 743 2870 2985 2967; baseline 0 -18"><span class='ocrx_word' id='word_1_150' title='bbox 743 2888 968 2949; x_wconf 89' lang='lat' dir='ltr'>merita</span> <span class='ocrx_word' id='word_1_151' title='bbox 1023 2870 1230 2967; x_wconf 79' lang='lat' dir='ltr'>dignis</span> <span class='ocrx_word' id='word_1_152' title='bbox 1287 2889 1810 2951; x_wconf 90' lang='lat' dir='ltr'>retributionibus</span> <span class='ocrx_word' id='word_1_153' title='bbox 1878 2888 2291 2952; x_wconf 86' lang='lat' dir='ltr'>confovenda</span> <span class='ocrx_word' id='word_1_154' title='bbox 2346 2889 2622 2951; x_wconf 88' lang='lat' dir='ltr'>validius</span> <span class='ocrx_word' id='word_1_155' title='bbox 2679 2889 2985 2951; x_wconf 83' lang='lat' dir='ltr'>roborare</span> 
     </span>
     <span class='ocr_line' id='line_1_24' title="bbox 743 2995 2985 3074; baseline -0.001 -17"><span class='ocrx_word' id='word_1_156' title='bbox 743 2995 1061 3074; x_wconf 88' lang='lat' dir='ltr'>predictas</span> <span class='ocrx_word' id='word_1_157' title='bbox 1127 3011 1358 3057; x_wconf 90' lang='lat' dir='ltr'>omnes</span> <span class='ocrx_word' id='word_1_158' title='bbox 1426 3003 1489 3057; x_wconf 91' lang='lat' dir='ltr'>et</span> <span class='ocrx_word' id='word_1_159' title='bbox 1552 2996 1861 3074; x_wconf 86' lang='lat' dir='ltr'>singulas</span> <span class='ocrx_word' id='word_1_160' title='bbox 1899 2997 2305 3073; x_wconf 81' lang='lat' dir='ltr'>donationeS‚</span> <span class='ocrx_word' id='word_1_161' title='bbox 2381 2996 2843 3058; x_wconf 89' lang='lat' dir='ltr'>concessiones</span> <span class='ocrx_word' id='word_1_162' title='bbox 2919 3004 2985 3056; x_wconf 90' lang='lat' dir='ltr'>et</span> 
     </span>
     <span class='ocr_line' id='line_1_25' title="bbox 740 3103 2983 3184; baseline -0 -20"><span class='ocrx_word' id='word_1_163' title='bbox 740 3104 978 3181; x_wconf 88' lang='lat' dir='ltr'>gratias</span> <span class='ocrx_word' id='word_1_164' title='bbox 1036 3120 1148 3184; x_wconf 90' lang='lat' dir='ltr'>per</span> <span class='ocrx_word' id='word_1_165' title='bbox 1215 3103 1456 3165; x_wconf 89' lang='lat' dir='ltr'>dictum</span> <span class='ocrx_word' id='word_1_166' title='bbox 1525 3112 1821 3166; x_wconf 89' lang='lat' dir='ltr'>nostrum</span> <span class='ocrx_word' id='word_1_167' title='bbox 1886 3104 2193 3165; x_wconf 86' lang='lat' dir='ltr'>vicarium</span> <span class='ocrx_word' id='word_1_168' title='bbox 2260 3103 2576 3165; x_wconf 86' lang='lat' dir='ltr'>iamdictis</span> <span class='ocrx_word' id='word_1_169' title='bbox 2641 3103 2983 3181; x_wconf 87' lang='lat' dir='ltr'>quibusvis</span> 
     </span>
     <span class='ocr_line' id='line_1_26' title="bbox 741 3210 2980 3290; baseline 0 -19"><span class='ocrx_word' id='word_1_170' title='bbox 741 3211 977 3272; x_wconf 88' lang='lat' dir='ltr'>nostris</span> <span class='ocrx_word' id='word_1_171' title='bbox 1026 3210 1326 3272; x_wconf 83' lang='lat' dir='ltr'>fidelibus</span> <span class='ocrx_word' id='word_1_172' title='bbox 1364 3229 1441 3272; x_wconf 91' lang='lat' dir='ltr'>ac</span> <span class='ocrx_word' id='word_1_173' title='bbox 1482 3212 1777 3290; x_wconf 88' lang='lat' dir='ltr'>personis</span> <span class='ocrx_word' id='word_1_174' title='bbox 1824 3211 1960 3272; x_wconf 87' lang='lat' dir='ltr'>aliis</span> <span class='ocrx_word' id='word_1_175' title='bbox 2009 3211 2416 3272; x_wconf 90' lang='lat' dir='ltr'>benemeritis</span> <span class='ocrx_word' id='word_1_176' title='bbox 2463 3210 2804 3271; x_wconf 87' lang='lat' dir='ltr'>autoritate</span> <span class='ocrx_word' id='word_1_177' title='bbox 2840 3227 2980 3289; x_wconf 90' lang='lat' dir='ltr'>pre-</span> 
     </span>
     <span class='ocr_line' id='line_1_27' title="bbox 740 3316 2983 3397; baseline -0 -18"><span class='ocrx_word' id='word_1_178' title='bbox 740 3318 910 3380; x_wconf 91' lang='lat' dir='ltr'>dicta</span> <span class='ocrx_word' id='word_1_179' title='bbox 958 3327 1026 3379; x_wconf 92' lang='lat' dir='ltr'>ut</span> <span class='ocrx_word' id='word_1_180' title='bbox 1073 3318 1436 3397; x_wconf 87' lang='lat' dir='ltr'>predicitur,</span> <span class='ocrx_word' id='word_1_181' title='bbox 1487 3319 1715 3395; x_wconf 80' lang='lat' dir='ltr'>factaS,</span> <span class='ocrx_word' id='word_1_182' title='bbox 1766 3326 1958 3395; x_wconf 81' lang='lat' dir='ltr'>rataS,</span> <span class='ocrx_word' id='word_1_183' title='bbox 2007 3319 2216 3380; x_wconf 91' lang='lat' dir='ltr'>eidem</span> <span class='ocrx_word' id='word_1_184' title='bbox 2272 3318 2352 3380; x_wconf 93' lang='lat' dir='ltr'>de</span> <span class='ocrx_word' id='word_1_185' title='bbox 2383 3326 2598 3380; x_wconf 89' lang='lat' dir='ltr'>cetero</span> <span class='ocrx_word' id='word_1_186' title='bbox 2646 3316 2983 3379; x_wconf 84' lang='lat' dir='ltr'>faciendas</span> 
     </span>
     <span class='ocr_line' id='line_1_28' title="bbox 738 3424 2980 3504; baseline -0.001 -17"><span class='ocrx_word' id='word_1_187' title='bbox 738 3433 913 3488; x_wconf 88' lang='lat' dir='ltr'>ratas</span> <span class='ocrx_word' id='word_1_188' title='bbox 960 3434 1022 3487; x_wconf 91' lang='lat' dir='ltr'>et</span> <span class='ocrx_word' id='word_1_189' title='bbox 1069 3432 1286 3504; x_wconf 88' lang='lat' dir='ltr'>gratas</span> <span class='ocrx_word' id='word_1_190' title='bbox 1333 3427 1669 3488; x_wconf 88' lang='lat' dir='ltr'>habentes.</span> <span class='ocrx_word' id='word_1_191' title='bbox 1720 3426 1897 3487; x_wconf 88' lang='lat' dir='ltr'>Illam</span> <span class='ocrx_word' id='word_1_192' title='bbox 1945 3433 2272 3503; x_wconf 90' lang='lat' dir='ltr'>quatenus</span> <span class='ocrx_word' id='word_1_193' title='bbox 2304 3432 2525 3487; x_wconf 90' lang='lat' dir='ltr'>tamen</span> <span class='ocrx_word' id='word_1_194' title='bbox 2572 3426 2731 3486; x_wconf 89' lang='lat' dir='ltr'>alias</span> <span class='ocrx_word' id='word_1_195' title='bbox 2778 3424 2890 3486; x_wconf 88' lang='lat' dir='ltr'>rite</span> <span class='ocrx_word' id='word_1_196' title='bbox 2914 3432 2980 3485; x_wconf 92' lang='lat' dir='ltr'>et</span> 
     </span>
     <span class='ocr_line' id='line_1_29' title="bbox 737 3531 2979 3612; baseline -0.001 -17"><span class='ocrx_word' id='word_1_197' title='bbox 737 3532 1004 3612; x_wconf 89' lang='lat' dir='ltr'>provide</span> <span class='ocrx_word' id='word_1_198' title='bbox 1060 3531 1229 3595; x_wconf 84' lang='lat' dir='ltr'>facte</span> <span class='ocrx_word' id='word_1_199' title='bbox 1286 3542 1438 3596; x_wconf 91' lang='lat' dir='ltr'>sunt</span> <span class='ocrx_word' id='word_1_200' title='bbox 1495 3550 1611 3595; x_wconf 89' lang='lat' dir='ltr'>seu</span> <span class='ocrx_word' id='word_1_201' title='bbox 1673 3533 1830 3595; x_wconf 85' lang='lat' dir='ltr'>fient</span> <span class='ocrx_word' id='word_1_202' title='bbox 1887 3532 2065 3594; x_wconf 83' lang='lat' dir='ltr'>iuxta</span> <span class='ocrx_word' id='word_1_203' title='bbox 2121 3540 2379 3595; x_wconf 90' lang='lat' dir='ltr'>tenores</span> <span class='ocrx_word' id='word_1_204' title='bbox 2443 3534 2765 3594; x_wconf 88' lang='lat' dir='ltr'>literarum</span> <span class='ocrx_word' id='word_1_205' title='bbox 2830 3532 2979 3593; x_wconf 89' lang='lat' dir='ltr'>dicti</span> 
     </span>
     <span class='ocr_line' id='line_1_30' title="bbox 738 3640 2977 3720; baseline -0.001 -19"><span class='ocrx_word' id='word_1_206' title='bbox 738 3640 937 3701; x_wconf 89' lang='lat' dir='ltr'>nostri</span> <span class='ocrx_word' id='word_1_207' title='bbox 967 3641 1179 3701; x_wconf 90' lang='lat' dir='ltr'>vicarii</span> <span class='ocrx_word' id='word_1_208' title='bbox 1200 3640 1403 3702; x_wconf 90' lang='lat' dir='ltr'>dictas</span> <span class='ocrx_word' id='word_1_209' title='bbox 1430 3657 1557 3720; x_wconf 92' lang='lat' dir='ltr'>que</span> <span class='ocrx_word' id='word_1_210' title='bbox 1583 3640 1864 3703; x_wconf 87' lang='lat' dir='ltr'>similiter</span> <span class='ocrx_word' id='word_1_211' title='bbox 1899 3640 2113 3703; x_wconf 88' lang='lat' dir='ltr'>literas</span> <span class='ocrx_word' id='word_1_212' title='bbox 2152 3657 2233 3701; x_wconf 83' lang='lat' dir='ltr'>ex</span> <span class='ocrx_word' id='word_1_213' title='bbox 2272 3650 2427 3702; x_wconf 90' lang='lat' dir='ltr'>tunc</span> <span class='ocrx_word' id='word_1_214' title='bbox 2470 3647 2662 3718; x_wconf 92' lang='lat' dir='ltr'>prout</span> <span class='ocrx_word' id='word_1_215' title='bbox 2681 3656 2763 3701; x_wconf 81' lang='lat' dir='ltr'>ex</span> <span class='ocrx_word' id='word_1_216' title='bbox 2801 3657 2977 3702; x_wconf 90' lang='lat' dir='ltr'>nunc</span> 
     </span>
     <span class='ocr_line' id='line_1_31' title="bbox 738 3747 2979 3826; baseline -0.001 -16"><span class='ocrx_word' id='word_1_217' title='bbox 738 3754 801 3810; x_wconf 91' lang='lat' dir='ltr'>et</span> <span class='ocrx_word' id='word_1_218' title='bbox 847 3764 929 3810; x_wconf 85' lang='lat' dir='ltr'>ex</span> <span class='ocrx_word' id='word_1_219' title='bbox 977 3765 1151 3809; x_wconf 91' lang='lat' dir='ltr'>nunc</span> <span class='ocrx_word' id='word_1_220' title='bbox 1208 3754 1398 3826; x_wconf 89' lang='lat' dir='ltr'>prout</span> <span class='ocrx_word' id='word_1_221' title='bbox 1443 3765 1526 3809; x_wconf 84' lang='lat' dir='ltr'>ex</span> <span class='ocrx_word' id='word_1_222' title='bbox 1573 3755 1730 3808; x_wconf 88' lang='lat' dir='ltr'>tunc</span> <span class='ocrx_word' id='word_1_223' title='bbox 1788 3747 1868 3808; x_wconf 91' lang='lat' dir='ltr'>de</span> <span class='ocrx_word' id='word_1_224' title='bbox 1924 3754 2098 3809; x_wconf 86' lang='lat' dir='ltr'>certa</span> <span class='ocrx_word' id='word_1_225' title='bbox 2154 3755 2377 3809; x_wconf 89' lang='lat' dir='ltr'>nostra</span> <span class='ocrx_word' id='word_1_226' title='bbox 2430 3747 2700 3808; x_wconf 88' lang='lat' dir='ltr'>scientia</span> <span class='ocrx_word' id='word_1_227' title='bbox 2750 3753 2979 3809; x_wconf 88' lang='lat' dir='ltr'>tenore</span> 
     </span>
     <span class='ocr_line' id='line_1_32' title="bbox 736 3854 2975 3934; baseline -0.001 -17"><span class='ocrx_word' id='word_1_228' title='bbox 736 3855 1131 3934; x_wconf 89' lang='lat' dir='ltr'>presentium</span> <span class='ocrx_word' id='word_1_229' title='bbox 1180 3854 1593 3930; x_wconf 80' lang='lat' dir='ltr'>ratificamuS,</span> <span class='ocrx_word' id='word_1_230' title='bbox 1642 3861 2064 3934; x_wconf 90' lang='lat' dir='ltr'>acceptamus</span> <span class='ocrx_word' id='word_1_231' title='bbox 2096 3862 2159 3916; x_wconf 88' lang='lat' dir='ltr'>et</span> <span class='ocrx_word' id='word_1_232' title='bbox 2190 3854 2678 3930; x_wconf 82' lang='lat' dir='ltr'>confirmamuS,</span> <span class='ocrx_word' id='word_1_233' title='bbox 2728 3860 2975 3915; x_wconf 87' lang='lat' dir='ltr'>nostre·</span> 
     </span>
     <span class='ocr_line' id='line_1_33' title="bbox 737 3961 2974 4042; baseline -0.002 -18"><span class='ocrx_word' id='word_1_234' title='bbox 737 3980 864 4042; x_wconf 91' lang='lat' dir='ltr'>que</span> <span class='ocrx_word' id='word_1_235' title='bbox 917 3962 1352 4024; x_wconf 85' lang='lat' dir='ltr'>ratificationis</span> <span class='ocrx_word' id='word_1_236' title='bbox 1400 3968 1462 4023; x_wconf 91' lang='lat' dir='ltr'>et</span> <span class='ocrx_word' id='word_1_237' title='bbox 1508 3961 2020 4023; x_wconf 86' lang='lat' dir='ltr'>confirmationis</span> <span class='ocrx_word' id='word_1_238' title='bbox 2066 3963 2424 4024; x_wconf 89' lang='lat' dir='ltr'>munimine</span> <span class='ocrx_word' id='word_1_239' title='bbox 2472 3963 2974 4023; x_wconf 49' lang='lat' dir='ltr'>roboramus-ac</span> 
     </span>
     <span class='ocr_line' id='line_1_34' title="bbox 733 4069 2977 4149; baseline -0.001 -17"><span class='ocrx_word' id='word_1_240' title='bbox 733 4071 1168 4149; x_wconf 88' lang='lat' dir='ltr'>promittimus</span> <span class='ocrx_word' id='word_1_241' title='bbox 1214 4070 1389 4148; x_wconf 90' lang='lat' dir='ltr'>ipsas</span> <span class='ocrx_word' id='word_1_242' title='bbox 1437 4069 1674 4131; x_wconf 89' lang='lat' dir='ltr'>habere</span> <span class='ocrx_word' id='word_1_243' title='bbox 1723 4075 1916 4143; x_wconf 82' lang='lat' dir='ltr'>rataS,</span> <span class='ocrx_word' id='word_1_244' title='bbox 1964 4077 2183 4147; x_wconf 88' lang='lat' dir='ltr'>gratas</span> <span class='ocrx_word' id='word_1_245' title='bbox 2214 4076 2277 4130; x_wconf 91' lang='lat' dir='ltr'>et</span> <span class='ocrx_word' id='word_1_246' title='bbox 2316 4070 2557 4142; x_wconf 84' lang='lat' dir='ltr'>firmaS,</span> <span class='ocrx_word' id='word_1_247' title='bbox 2608 4085 2863 4130; x_wconf 90' lang='lat' dir='ltr'>necnon</span> <span class='ocrx_word' id='word_1_248' title='bbox 2910 4075 2977 4129; x_wconf 90' lang='lat' dir='ltr'>et</span> 
     </span>
     <span class='ocr_line' id='line_1_35' title="bbox 733 4176 2977 4257; baseline -0.001 -19"><span class='ocrx_word' id='word_1_249' title='bbox 733 4178 818 4239; x_wconf 87' lang='lat' dir='ltr'>ad</span> <span class='ocrx_word' id='word_1_250' title='bbox 858 4177 1230 4257; x_wconf 88' lang='lat' dir='ltr'>petitionem</span> <span class='ocrx_word' id='word_1_251' title='bbox 1272 4194 1838 4255; x_wconf 89' lang='lat' dir='ltr'>quorumcumque</span> <span class='ocrx_word' id='word_1_252' title='bbox 1885 4176 2353 4256; x_wconf 88' lang='lat' dir='ltr'>postulantium</span> <span class='ocrx_word' id='word_1_253' title='bbox 2397 4177 2809 4239; x_wconf 88' lang='lat' dir='ltr'>corroborare</span> <span class='ocrx_word' id='word_1_254' title='bbox 2856 4192 2977 4254; x_wconf 89' lang='lat' dir='ltr'>pro</span> 
     </span>
     <span class='ocr_line' id='line_1_36' title="bbox 734 4283 2975 4363; baseline -0.001 -17"><span class='ocrx_word' id='word_1_255' title='bbox 734 4301 927 4362; x_wconf 90' lang='lat' dir='ltr'>nova,</span> <span class='ocrx_word' id='word_1_256' title='bbox 987 4293 1352 4347; x_wconf 90' lang='lat' dir='ltr'>nostrarum</span> <span class='ocrx_word' id='word_1_257' title='bbox 1417 4284 1739 4346; x_wconf 88' lang='lat' dir='ltr'>literarum</span> <span class='ocrx_word' id='word_1_258' title='bbox 1798 4283 2109 4363; x_wconf 81' lang='lat' dir='ltr'>suffragio</span> <span class='ocrx_word' id='word_1_259' title='bbox 2165 4301 2318 4346; x_wconf 91' lang='lat' dir='ltr'>cum</span> <span class='ocrx_word' id='word_1_260' title='bbox 2367 4284 2672 4346; x_wconf 88' lang='lat' dir='ltr'>clausulis</span> <span class='ocrx_word' id='word_1_261' title='bbox 2728 4289 2792 4345; x_wconf 92' lang='lat' dir='ltr'>et</span> <span class='ocrx_word' id='word_1_262' title='bbox 2845 4284 2975 4344; x_wconf 89' lang='lat' dir='ltr'>sol-</span> 
     </span>
     <span class='ocr_line' id='line_1_37' title="bbox 729 4390 2975 4472; baseline -0.001 -18"><span class='ocrx_word' id='word_1_263' title='bbox 729 4392 1212 4472; x_wconf 86' lang='lat' dir='ltr'>lempnitatibus</span> <span class='ocrx_word' id='word_1_264' title='bbox 1258 4391 1658 4470; x_wconf 77' lang='lat' dir='ltr'>opportunis,</span> <span class='ocrx_word' id='word_1_265' title='bbox 1708 4390 2019 4454; x_wconf 89' lang='lat' dir='ltr'>Volentes</span> <span class='ocrx_word' id='word_1_266' title='bbox 2065 4399 2128 4453; x_wconf 91' lang='lat' dir='ltr'>et</span> <span class='ocrx_word' id='word_1_267' title='bbox 2174 4392 2596 4454; x_wconf 88' lang='lat' dir='ltr'>decernentes</span> <span class='ocrx_word' id='word_1_268' title='bbox 2642 4407 2975 4470; x_wconf 87' lang='lat' dir='ltr'>expresse,</span> 
     </span>
     <span class='ocr_line' id='line_1_38' title="bbox 729 4498 2973 4579; baseline -0.001 -17"><span class='ocrx_word' id='word_1_269' title='bbox 729 4500 909 4578; x_wconf 91' lang='lat' dir='ltr'>quod</span> <span class='ocrx_word' id='word_1_270' title='bbox 957 4500 1328 4562; x_wconf 90' lang='lat' dir='ltr'>huiusmodi</span> <span class='ocrx_word' id='word_1_271' title='bbox 1376 4499 1763 4562; x_wconf 89' lang='lat' dir='ltr'>donationes</span> <span class='ocrx_word' id='word_1_272' title='bbox 1811 4505 1873 4561; x_wconf 91' lang='lat' dir='ltr'>et</span> <span class='ocrx_word' id='word_1_273' title='bbox 1918 4500 2139 4579; x_wconf 89' lang='lat' dir='ltr'>gratie,</span> <span class='ocrx_word' id='word_1_274' title='bbox 2183 4515 2583 4579; x_wconf 88' lang='lat' dir='ltr'>presensque</span> <span class='ocrx_word' id='word_1_275' title='bbox 2630 4498 2826 4561; x_wconf 85' lang='lat' dir='ltr'>nostri</span> <span class='ocrx_word' id='word_1_276' title='bbox 2865 4515 2973 4559; x_wconf 85' lang='lat' dir='ltr'>as-</span> 
     </span>
    </p>
   </div>
   <div class='ocr_carea' id='block_1_5' title="bbox 3054 8 3468 5122">
    <p class='ocr_par' dir='ltr' id='par_1_6' title="bbox 3054 8 3468 5122">
     <span class='ocr_line' id='line_1_39' title="bbox 3054 8 3468 5122; baseline 0 0"><span class='ocrx_word' id='word_1_277' title='bbox 3054 8 3468 5122; x_wconf 95' lang='lat' dir='ltr'> </span> 
     </span>
    </p>
   </div>
  </div>
 </body>
</html>
