3475 5200
1415 406 1769 458 ..59-

684 625 954 705 Insuper
1016 627 1239 702 wlt,et
1285 625 1552 712 mandat
1614 625 1791 705 regia
1854 626 2182 701 maiestaS,
2248 626 2425 705 quod
2482 643 2718 688 omnes

470 741 532 795 et
580 733 811 814 singuli
861 734 1141 795 barones
1190 740 1251 794 et
1298 734 1548 796 nobiles
1593 734 1770 813 regni
1819 731 2170 812 Hungarie,
2235 733 2344 811 qui
2392 733 2472 794 de
2520 750 2715 811 pecu-

471 840 593 904 niis
658 842 833 927 regni
899 840 1141 904 habent
1203 840 1287 902 ad
1342 841 1882 903 exercituationes
1948 840 2315 902 secundum
2381 841 2715 927 decretum

470 949 627 1012 alias
673 966 789 1027 per
832 949 1186 1028 ipsummet
1229 948 1509 1010 barones
1555 948 1801 1010 factum
1855 956 1918 1010 et
1964 944 2355 1026 dispositum
2401 947 2485 1008 ad
2536 964 2715 1008 exer-

471 1055 848 1117 cituandum
899 1062 1287 1118 moveantur
1325 1064 1388 1118 et
1428 1057 1919 1136 compellantur.

681 1233 890 1297 Papirra
926 1228 990 1282 irt
1027 1230 1262 1298 egykoru
1300 1229 1539 1292 masolat,
1579 1230 1666 1282 ket
1703 1230 1885 1282 reszre
1921 1232 2205 1293 szakadm,
2237 1232 2306 1283 M.
2336 1231 2396 1283 N.
2426 1232 2496 1282 M.
2528 1229 2714 1295 Kallay

473 1337 545 1371 cs,
582 1323 634 1373 lt.
675 1348 742 1357 -
783 1322 840 1374 V.
868 1324 917 1373 ὃ.
958 1337 988 1371 a
1024 1320 1277 1373 kelteze'st
1312 1319 1539 1385 illetoleg
1577 1321 1801 1386 Hajnik:
1842 1323 1888 1371 A
1924 1335 2139 1385 magyar
2175 1320 2407 1386 birosagi
2444 1323 2715 1372 szervezet
2818 1379 2829 1390 .

471 1410 527 1462 ἐς
564 1413 749 1476 perjog
786 1426 847 1462 az
885 1400 1083 1477 Arpad-
1121 1409 1179 1463 es
1216 1428 1248 1462 a
1285 1409 1606 1475 vegyeshazi
1644 1409 1881 1475 kiralyok
1918 1411 2059 1461 alatt.
2106 1410 2256 1461 1898.
2297 1411 2523 1462 52—53.
2564 1411 2595 1462 1.

1493 1698 1688 1761 CXX.

1133 1892 1452 1992 Kruso'cz,
1506 1892 1696 1957 1417.
1729 1893 1908 1973 febr.
1957 1890 2062 1956 18.

475 2051 782 2105 Liizitrevics
793 2051 971 2103 Istvim
980 2050 1101 2103 racz
1127 2054 1384 2118 deszpota
1394 2054 1686 2117 megkeresi
1698 2053 1846 2117 Upor
1864 2049 2040 2102 Istvim
2061 2051 2256 2117 erdelyi
2275 2053 2562 2117 piispokot,
2573 2055 2718 2120 hogy

475 2143 723 2195 szatmari
759 2142 818 2194 es
855 2142 1046 2194 nemeti
1083 2141 1295 2208 tisztjess
1336 2143 1563 2194 Remetei
1601 2142 1818 2204 Istvzint‚
1857 2159 1889 2192 a
1926 2143 2003 2192 kit
2037 2158 2067 2191 a
2092 2142 2305 2207 piispok
2332 2143 2497 2206 poi-be
2526 2141 2720 2195 idezett

474 2251 500 2285 s
539 2235 587 2285 el
623 2235 669 2285 is
707 2235 1154 2294 marasztaltatott,
1194 2217 1225 2284 a
1257 2232 1494 2297 j6v6ben
1550 2248 1615 2306 ne
1669 2230 1876 2295 himma,
1915 2236 2045 2281 mett
2083 2247 2113 2282 a
2149 2230 2442 2297 torvenybe
2481 2230 2717 2285 idezesre

473 2327 601 2377 okot
655 2321 758 2375 ado
815 2322 1062 2374 szatmziri
1096 2324 1346 2374 tributum
1383 2324 1553 2374 tizede
1602 2321 1786 2387 kiralyi
1825 2312 2092 2386 adomany
2127 2320 2331 2386 folytlm
2369 2338 2401 2371 a
2437 2322 2720 2387 deszpotat

473 2416 595 2465 illeti
622 2429 756 2480 meg,
784 2429 816 2463 a
839 2414 892 2462 ki
916 2413 1183 2463 kiilonben
1212 2428 1244 2462 a
1269 2413 1555 2498 ρι’ὶερὸῑίὃῒἔ
1584 2413 1653 2462 ha
1680 2413 1793 2461 vele
1819 2410 2167 2474 talalkozand‚
2195 2413 2246 2462 ki
2272 2412 2422 2477 fogja
2460 2408 2716 2477 elegiteni.

687 2559 1244 2623 Reverendissime
1286 2559 1348 2621 in
1395 2557 1652 2621 Christo
1686 2565 1870 2639 pater
1893 2557 2155 2622 domine
2180 2567 2245 2620 et
2271 2558 2466 2621 frater
2497 2566 2721 2623 noster

476 2670 821 2733 carissime.
870 2668 1162 2729 Pervenit
1208 2668 1293 2729 ad
1341 2684 1535 2729 aures
1582 2674 1843 2728 nostras
1890 2667 2069 2745 quod
2102 2674 2323 2729 vestra
2364 2665 2719 2731 dominatio

476 2776 805 2857 egregium
851 2776 1061 2837 virum
1110 2775 1490 2853 magistrum
1523 2772 1936 2853 Stephanum
1971 2775 2050 2836 de
2079 2774 2346 2839 Remete
2372 2774 2719 2837 officialem

476 2892 770 2946 nostrum
805 2883 887 2945 de
920 2883 1227 2947 Zathmar
1254 2889 1317 2943 et
1348 2882 1429 2943 de
1471 2881 1799 2961 Nemethy
1845 2882 1909 2942 in
1957 2899 2230 2943 causam
2278 2883 2619 2944 atraxisset
2658 2890 2721 2944 et

476 2991 539 3052 in
585 2991 908 3070 aliquibus
955 2990 1248 3069 birsagiis
1295 2989 1424 3051 iam
1471 2989 1763 3068 agi-avari
1811 2989 2129 3059 fecissetis
2177 2990 2422 3051 ratione
2473 2990 2723 3051 decime

476 3100 673 3178 partis
720 3098 934 3160 tributi
982 3098 1180 3159 nostri
1229 3096 1293 3158 in
1338 3096 1510 3158 dicta
1555 3095 1863 3158 Zathmar
1910 3096 2108 3157 habiti
2157 3097 2335 3175 quod
2383 3114 2723 3175 nunquam

477 3206 848 3268 audivimus
913 3212 983 3266 ut
1046 3212 1260 3267 vestre
1323 3203 1746 3265 dominationi
1811 3204 2169 3282 pertineret.
2235 3202 2488 3264 Tamen
2555 3204 2723 3264 bene

478 3314 595 3376 scit
657 3320 874 3377 vestra
937 3312 1298 3375 fraternitas
1353 3310 1689 3390 quomo‘do
1745 3312 1887 3390 ipsa
1935 3311 2160 3373 civitas
2216 3310 2724 3373 Zathmariensis

479 3438 630 3484 cum
675 3421 915 3483 tributo
962 3427 1027 3483 et
1072 3420 1212 3482 aliis
1259 3419 1684 3498 proventibus
1718 3418 1951 3479 collata
1983 3418 2171 3480 nobis
2203 3425 2304 3480 est
2335 3436 2449 3497 per
2480 3418 2722 3497 regiam

479 3531 888 3608 majestatem
936 3533 997 3589 et
1046 3526 1237 3589 nichil
1290 3526 1561 3606 pertinet
1608 3525 1692 3585 ad
1740 3525 2106 3605 praefatum
2155 3525 2535 3604 magistrum
2585 3523 2723 3588 Ste-

479 3636 789 3716 phanum.
841 3635 1033 3714 Igitur
1063 3640 1346 3695 vestram
1395 3633 1858 3694 fraternitatem
1904 3649 2217 3711 rogamus
2251 3632 2580 3711 diligenter
2611 3650 2727 3713 per

481 3744 836 3822 presenteS,
903 3748 1228 3831 quatenus
1294 3741 1542 3802 ratione
1607 3741 1830 3819 previa
1887 3746 2271 3800 annotatum
2343 3740 2723 3818 magistrum

483 3850 888 3931 Stephanum
937 3866 1249 3928 agravare
1299 3866 1432 3910 non
1480 3848 1689 3909 velitis
1736 3854 1958 3908 nostre
2006 3846 2421 3908 fraternitatis
2458 3891 2722 3911 ......

481 3956 618 4020 Νο5
666 3964 884 4019 autem
932 3955 1057 4018 deo
1105 3955 1505 4017 concedente
1556 3955 1619 4015 in
1665 3954 1954 4017 adventu
2001 3952 2241 4015 domini
2289 3954 2489 4015 nostri
2554 3953 2723 4032 regis

483 4082 768 4126 unacum
834 4064 1275 4126 dominatione
1341 4069 1583 4139 vestra·
1623 4060 1883 4122 insimul
1948 4060 2422 4123 constituemus
2489 4061 2596 4121 ubi
2645 4061 2727 4124 de

484 4171 814 4252 premissis
858 4177 1071 4233 vestre
1137 4169 1560 4232 dominationi
1619 4168 1856 4231 iustitie
1904 4174 1987 4237 et,
2012 4166 2471 4230 satisfactionis
2537 4167 2727 4231 facie-

487 4297 633 4342 mus
697 4280 1250 4359 complementum
1313 4295 1533 4339 coram
1598 4277 1775 4355 regia
1823 4275 2181 4352 majestate,
2232 4275 2409 4353 quod
2454 4276 2509 4337 si
2558 4275 2725 4338 fece-

485 4386 612 4449 ritis
675 4386 866 4448 nobis
936 4362 1341 4448 fraternalem
1412 4384 1952 4464 complacentiam
2033 4382 2391 4444 ostendetis
2459 4383 2523 4445 in
2604 4384 2726 4444 hac

486 4502 680 4573 parte.
750 4490 1076 4573 Scriptum
1141 4493 1205 4554 in
1271 4492 1635 4554 Crusowch
1700 4491 1859 4553 feria
1924 4490 2147 4570 quinta
2212 4490 2508 4570 proxima
2578 4498 2728 4553 ante
2749 4521 2783 4575 i.

489 4602 724 4664 festum
771 4600 1077 4663 cathedre
1125 4599 1332 4662 sancti
1379 4600 1543 4662 Petri
1591 4617 1769 4661 anno
1818 4597 2058 4660 domini
2107 4604 2224 4660 etc.
2271 4597 2485 4659 XVII⁰.

2805 4462 2907 4503 141?

2797 4535 2862 4577 br.
2884 4536 2945 4576 18.
