3475 5200
1307 378 1697 430 -141-

373 596 730 659 notabilem
777 597 1256 676 insequentium
1303 597 1532 676 gladiis
1579 605 1976 676 exceperunt
2010 598 2285 673 ruinam,
2322 597 2409 658 ita
2448 597 2631 675 quod

374 721 461 767 eo
510 704 611 766 die
657 704 899 784 priores
947 704 1308 784 triumphos
1358 705 1692 767 memorati
1728 704 2044 767 Johannis
2088 705 2438 785 waywode
2479 705 2631 767 sub·

375 829 669 892 sequens
713 812 1052 892 gloriosior
1096 813 1424 875 decoravit
1474 862 1487 876 .
1543 863 1555 875 .
1609 812 1662 876 .“

595 951 817 1014 Eredeti,
873 950 1073 1018 hartya,
1129 952 1216 1003 ket
1269 953 1459 1018 helyen
1515 954 1856 1012 kiszakadva,
1913 951 2050 1016 aljan
2088 950 2390 1019 ranyomott
2446 949 2635 1018 ροσε-,ὁὶ

376 1044 695 1107 nyomaival.
736 1042 805 1094 M.
845 1042 905 1094 N.
946 1042 1017 1094 M.
1054 1043 1110 1093 lt.

1392 1276 1609 1340 σοιν.

1089 1454 1308 1533 Bada,
1355 1452 1553 1518 1443.
1601 1452 1754 1536 apr.
1802 1452 1909 1517 17.

380 1615 419 1666 1.
450 1613 664 1666 Ulaszlo
688 1613 856 1680 kiraly
894 1616 1139 1680 Hunyadi
1167 1612 1330 1667 Janos
1368 1613 1563 1680 erdelyi
1608 1613 1873 1681 vajdanak
1899 1613 2299 1680 adomanyozza
2325 1630 2386 1665 az
2417 1613 2575 1666 e16bb
2602 1631 2634 1664 a

383 1705 725 1769 Rozgonyiak
762 1702 929 1755 kezen
966 1706 1078 1755 volt
1114 1704 1605 1771 tordavdrmgyei:
1646 1703 1917 1769 Sarpatak,
1965 1705 2171 1768 Unoka,
2219 1703 2635 1772 Kortvelykapu,

378 1793 875 1861 kolozsva'rmegyei:
944 1794 1400 1860 Magyar-Fiilpos,
1478 1792 1881 1859 Szisz-Fiilpos,
1960 1789 2144 1857 Erked,
2224 1796 2392 1857 Alma,
2470 1794 2635 1857 Teke,

380 1881 590 1947 Pentek,
621 1884 856 1949 Pazmos,
887 1883 1119 1949 Ludveg,
1148 1883 1381 1950 Nagyso,
1408 1883 1649 1950 Varhely,
1678 1885 2014 1946 Simontelek,
2042 1881 2360 1950 Olahpatak,
2401 1884 2629 1935 Harasz·

376 1979 482 2034 toa,
531 1972 725 2039 Ujsaltn
784 1974 1048 2040 Solymoe,
1100 1972 1707 2040 alsd-fehdrva'rmegyei:
1790 1974 2012 2036 Landor,
2068 1974 2332 2040 Heycdet,
2389 1975 2633 2040 Acyntus

558 2065 857 2115 birtokokat
891 2062 1172 2115 erdemeire
1210 2064 1331 2116 valo'
1368 2065 1673 2128 tekintettel,
1712 2062 2001 2130 melyekrol
2038 2062 2273 2130 ekkepen
2313 2063 2452 2115 szol:

607 2191 891 2267 „Deinde
916 2192 1055 2256 aliis
1079 2192 1219 2254 suis
1247 2192 1655 2272 laudedignis
1684 2192 2047 2273 triumphis,
2079 2209 2249 2270 quos
2282 2193 2363 2253 de
2394 2191 2635 2254 Turcis

385 2299 657 2361 inimicis
703 2300 914 2361 crucis
962 2298 1198 2362 Christi
1246 2300 1471 2380 sepius
1518 2301 1688 2363 bello
1734 2299 1954 2362 fractis
1985 2299 2259 2362 obtinuit
2291 2307 2628 2362 vetustum

387 2408 584 2485 patrie
630 2407 1048 2487 obprobrium
1096 2408 1196 2469 sui
1226 2406 1464 2469 sudare
1496 2407 1778 2483 detersit,
1809 2408 2090 2470 anterior
2119 2407 2306 2487 igitur
2330 2406 2628 2470 eiusdem

386 2531 627 2594 pugna,
677 2532 876 2594 quam
926 2515 1125 2577 nostri
1174 2515 1503 2595 regiminis
1551 2522 1844 2594 tempore
1899 2516 2076 2594 apud
2142 2513 2633 2577 Nandoralbam

389 2639 537 2685 curn
586 2623 735 2685 Izak
781 2622 1147 2685 Turcorum
1195 2622 1525 2703 wayvoda
1569 2623 1860 2686 virtuose
1906 2623 2167 2703 peregit,
2208 2624 2415 2703 prima
2462 2624 2634 2685 cesis

387 2730 688 2793 hostibus
731 2731 991 2810 pavoris
1030 2731 1202 2792 initia
1244 2731 1643 2793 nostratibus
1689 2748 1847 2793 vero
1896 2731 2175 2794 redivive
2203 2729 2638 2794 animositatis

387 2837 695 2899 effectum
740 2839 1003 2918 peperit.
1054 2837 1301 2900 Deinde
1349 2838 1474 2901 alio
1530 2855 1714 2916 casu,
1748 2839 1908 2901 dum
1941 2839 2207 2918 quidam
2239 2837 2637 2918 Mezythbeg

388 2947 544 3007 alter
562 2944 929 3008 Turcorum
967 2946 1319 3025 waywoda
1337 2945 1551 3007 valido
1579 2945 1865 3008 sedecim
1899 2946 2143 3008 milium
2165 2947 2630 3025 armigerorum

391 3053 735 3116 comitatus
801 3054 1083 3116 exercitu
1156 3060 1371 3132 partes
1437 3060 1696 3116 nostras
1757 3052 2260 3139 Transsilvanas
2305 3059 2637 3133 pretactas

389 3168 763 3223 vastaturus
815 3161 1135 3238 intrasset,
1189 3161 1492 3240 quamvis
1539 3161 1748 3240 primo
1779 3177 2061 3223 occursu
2094 3161 2441 3240 improvise
2475 3167 2639 3221 tunc

391 3268 628 3345 habito,
650 3268 940 3348 prefatus
968 3268 1304 3332 Johannes
1326 3267 1677 3348 waywoda
1706 3269 1889 3329 lesus
1921 3267 2339 3347 fugatusque,
2363 3268 2630 3330 commi-

385 3374 659 3439 litonum
708 3394 981 3440 suorum
1028 3384 1204 3438 certa
1242 3375 1626 3437 detrimenta
1659 3376 2004 3455 pertulerit,
2041 3384 2379 3438 cruentam
2411 3385 2633 3437 tamen

394 3483 842 3547 nichilominus
888 3492 952 3546 et
999 3482 1235 3546 ibidem
1282 3482 1583 3545 hostibus
1617 3483 1864 3563 reliquit
1903 3482 2239 3546 victoriam
2273 3492 2336 3545 et
2365 3483 2633 3545 demum

396 3591 613 3669 quinto
660 3591 761 3653 die
808 3609 984 3654 novo
1031 3591 1228 3671 prelio
1273 3591 1487 3653 victus
1534 3592 1844 3653 victorem
1902 3591 2234 3668 evincens,
2281 3590 2634 3671 gloriosam

398 3697 565 3762 dono
632 3699 871 3761 domini
940 3699 1248 3761 ultionem
1306 3698 1567 3762 revexit.
1626 3698 1916 3777 Moxque
1973 3697 2264 3777 prefatus
2320 3697 2640 3777 inprobus

397 3807 597 3870 hostis
645 3824 843 3885 quam
893 3806 1237 3869 devorarat
1281 3807 1550 3887 predam
1606 3814 1669 3869 et
1728 3825 1853 3869 sua
1909 3806 2165 3886 propria
2228 3822 2641 3886 suorumque

395 3933 470 3977 ac
513 3915 621 3977 filii
669 3914 953 3994 precipiti
1002 3932 1161 3976 nece
1208 3914 1534 3994 persolvit,
1584 3914 1830 3994 potitus
1878 3913 2095 3993 itaque
2130 3914 2255 3974 hac
2303 3912 2468 3975 felici
2502 3913 2633 3974 vic·

392 4024 570 4099 toria,
617 4021 912 4101 prefatus
961 4029 1182 4084 noster
1238 4023 1569 4102 wayvoda
1616 4023 1697 4084 de
1747 4023 1898 4099 hjnc
1944 4020 2029 4084 ad
2078 4021 2637 4099 recuperationem

391 4128 965 4210 Transalpinamm
1031 4131 1330 4210 predictis
1375 4129 1859 4191 Tran‘ssilvanis
1925 4129 2285 4191 vicinarum
2352 4126 2633 4206 partium

393 4236 720 4300 intendere
768 4237 955 4317 cepit,
1003 4237 1428 4315 habitumque
1477 4244 1598 4315 est,
1649 4245 1718 4299 ut
1767 4237 1910 4299 eius
1965 4254 2092 4316 ope
2152 4243 2215 4300 et
2276 4252 2477 4315 opera
2525 4251 2639 4295 ex·

394 4352 681 4424 pugnato
728 4363 808 4406 ac
854 4345 1151 4408 decolato
1199 4346 1456 4408 inimico
1524 4345 1881 4407 earundem
1947 4344 2225 4424 partium
2283 4342 2634 4422 wayvoda,

395 4469 589 4515 verus
619 4453 812 4515 heres
843 4458 997 4532 puta
1033 4453 1345 4531 Bazarab,
1377 4453 1548 4515 filius
1595 4453 1876 4515 condam
1905 4451 2092 4514 Daan
2121 4452 2447 4532 wayvode
2479 4450 2644 4530 ipsis

393 4560 589 4622 nostri
639 4566 818 4640 parte
865 4560 926 4622 in
994 4561 1330 4624 dominum
1379 4568 1442 4623 et
1481 4560 1878 4640 wayvodam
1911 4560 2258 4641 preficitur,
2294 4577 2406 4639 per
2438 4558 2643 4637 idque
