3475 5200
1711 292 2103 346 —232—

761 515 846 575 fla
895 512 1344 576 fortificatione
1391 483 1471 575 de
1519 511 1858 594 BelgraclO,
1907 511 1991 575 ne
2036 515 2174 577 altri
2223 515 2453 577 soldati
2502 515 2611 595 qui
2661 515 2748 577 ha
2789 516 3033 579 lassato

788 613 910 683 che
958 622 1183 683 cavalli
1234 621 1663 701 cinquecento
1694 639 1733 684 a
1768 621 2064 685 custodia
2111 623 2192 686 de
2225 623 2287 684 la
2319 639 2602 702 persona
2650 624 2733 686 de
2762 624 2825 686 la
2861 625 3035 704 regia

789 727 1062 791 maesta.

794 880 3029 902 000000000000000000000

1002 942 1105 1006 Ex
1152 943 1341 1007 Buda
1385 944 1506 1006 XX
1556 944 1759 1007 Martii
1816 946 2000 1007 1458.

1801 1091 2099 1151 servulus
2146 1089 2374 1152 Petrus
2422 1089 2503 1150 de
2551 1088 2941 1151 Thomasiis.

1004 1246 1247 1311 Kivic‘l:
1295 1247 1725 1312 Serenissimo
1774 1248 2037 1330 principi
2086 1256 2149 1311 et
2181 1250 2448 1312 domino
2495 1249 3035 1315 excellentissimo

790 1357 1058 1418 domino
1105 1356 1404 1435 Pasquali
1469 1356 1814 1436 Mai-ipetro
1878 1357 1979 1420 dei
2042 1357 2246 1436 gratia
2312 1358 2458 1420 duci
2527 1357 2765 1435 inclyto
2829 1356 3037 1419 Vene-

789 1465 1020 1525 tiarum
1070 1471 1191 1526 etc.

1005 1603 1218 1655 Milanoi
1258 1591 1317 1652 Ᾱ.
1359 1604 1414 1655 L.
1455 1605 1507 1655 Ρ.
1550 1605 1604 1660 Ε.
1666 1600 1992 1670 [ἶβιςὴει-ἰεῡ.
2032 1630 2099 1638 -
2138 1608 2179 1655 A
2220 1604 2290 1657 M.
2331 1604 2393 1656 D.
2434 1603 2491 1656 E.
2532 1604 2600 1656 M.
2659 1601 2877 1655 korabdl
2919 1618 3039 1653 nem

790 1694 1017 1746 kozolte.
1048 1692 1114 1745 V.
1155 1696 1204 1746 ὃ.
1245 1692 1467 1746 CCCIV.
1506 1691 1726 1746 szamot.
2317 1699 2322 1703 “
2568 1720 2573 1724 ·

1761 1910 2094 2004 CCCXIV.

1452 2081 1671 2160 Euda,
1721 2079 1917 2143 1458.
1967 2078 2211 2144 ma'rcz.
2263 2079 2372 2143 21.

793 2224 956 2274 Budai
1013 2222 1233 2289 Gyorgy
1287 2220 1421 2274 deak
1458 2221 1737 2288 (literatus)
1794 2219 2044 2286 Pozsony
2098 2219 2410 2273 varosanak.
2468 2218 2626 2273 Hirek
2664 2238 2727 2272 az
2765 2222 3033 2283 udvarbol‚

793 2312 1023 2378 Szilagyi
1060 2328 1123 2363 az
1161 2310 1354 2378 orszag
1391 2310 1493 2363 deli
1533 2310 1739 2377 vegein,
1778 2309 2065 2376 versenges
2104 2326 2135 2361 a
2172 2311 2409 2363 torokkel
2448 2327 2481 2361 a
2516 2310 2636 2362 riez
2693 2314 3036 2377 deszpotatus

1400 2400 1593 2467 ve‘gett‚
1634 2398 2022 2451 Brankovicse'k
2058 2400 2425 2465 magatartasa.

1009 2548 1331 2612 Dominus
1378 2564 1490 2612 rex
1526 2566 1678 2612 cum
1723 2547 2029 2629 genitrice
2076 2565 2199 2610 sua
2246 2511 2349 2609 hic
2396 2546 2458 2610 in
2506 2547 2695 2611 Buda
2740 2549 3036 2625 existunt,

793 2658 993 2719 vitam
1041 2656 1291 2719 felicem
1341 2656 1675 2719 ducentes.
1727 2656 2049 2718 Dominus
2107 2662 2328 2719 autem
2391 2656 2790 2735 gubernator
2853 2655 3038 2718 frater

796 2766 1090 2830 eiusdem
1137 2764 1379 2826 domini
1426 2764 1614 2843 regie,
1663 2764 1725 2825 in
1774 2764 2066 2843 partibus
2113 2763 2520 2826 inferioribus
2583 2769 3038 2844 appromptuat

796 2890 867 2935 se
915 2890 1066 2934 cum
1113 2871 1420 2951 gentibus
1466 2871 1751 2950 armatiS‚
1801 2870 2187 2949 festinatque
2237 2871 2506 2935 nimium
2556 2870 2617 2933 in
2667 2870 2856 2933 factis
2884 2871 3037 2947 sui5‚

798 2979 914 3042 sed
980 2980 1310 3059 ignoratur
1373 2979 1425 3041 si
1492 2985 1676 3058 parat
1733 2995 1806 3039 se
1855 2984 2080 3040 contra
2126 2977 2380 3041 Turcas
2439 2986 2552 3040 aut
2598 2979 3039 3042 devastatores

796 3076 994 3150 huius
1059 3088 1255 3167 regni.
1326 3086 1529 3148 Fama
1594 3086 1787 3148 etiam
1854 3086 2046 3165 viget,
2097 3086 2215 3146 sed
2259 3084 2479 3148 adhuc
2528 3085 3041 3149 certitudinaliter

796 3196 1099 3272 nescitur,
1151 3195 1328 3272 quod
1376 3211 1527 3255 cum
1575 3191 1809 3255 Turcis
1856 3194 1939 3259 ad
1987 3200 2235 3255 certum
2267 3199 2530 3273 tempus
2561 3201 2825 3273 treugas
2865 3192 3038 3272 pacis

798 3301 1244 3382 disposuisset.
1292 3301 1760 3363 Verumtamen
1810 3300 2056 3361 scimus
2104 3307 2166 3361 et
2215 3299 2633 3363 manifestum
2682 3308 2806 3378 est,
2870 3297 3043 3379 quod

799 3419 1057 3489 propter
1128 3416 1343 3471 castra
1416 3406 1667 3486 despoti
1744 3407 1920 3486 regni
1987 3406 2214 3469 Rascie
2291 3407 2355 3469 in
2434 3407 2803 3470 confinibus
2869 3406 3038 3486 regni

799 3516 1155 3594 existentia,
1205 3522 1340 3579 tam
1380 3516 1724 3595 imperator
1757 3513 2143 3591 Tumornm,
2188 3532 2386 3593 quam
2428 3516 2620 3577 etiam
2651 3515 3042 3594 gubernator

799 3632 1021 3687 noster
1069 3625 1343 3686 multum
1391 3623 1686 3686 laborent
1732 3629 1796 3685 et
1844 3639 2112 3702 operam
2160 3622 2336 3700 dant,
2385 3621 2532 3701 quis
2580 3638 2809 3684 eorum
2861 3621 3040 3683 citius

797 3732 1006 3811 possit
1053 3730 1367 3806 obtinere;
1417 3731 1749 3810 ignoratur
1793 3738 2011 3792 tamen
2053 3730 2156 3792 cui
2191 3746 2335 3791 sors
2368 3728 2630 3792 dederit.
2699 3728 3039 3809 Refugium

798 3847 1017 3901 tamen
1083 3839 1146 3899 in
1219 3838 1347 3901 hoc
1419 3839 1765 3914 habemuS,
1837 3837 2014 3916 quod
2084 3836 2496 3916 posteritates
2568 3836 2821 3917 despoti
2899 3835 3040 3915 plus

801 3947 1182 4009 inclinantur
1229 3946 1398 4007 circa
1444 3945 1734 4008 subsidia
1781 3943 1958 4024 regni
1998 3943 2329 4022 Hungarie
2377 3961 2576 4023 quam
2622 3944 2708 4005 ad
2756 3943 3041 4005 infideles

799 4054 1075 4117 TurCOS.
1158 4095 3039 4117 .............................

1015 4161 1136 4223 Hic
1171 4161 1353 4223 Bude
1385 4161 1653 4222 laudant
1685 4178 1808 4223 vos
1841 4177 2036 4222 senes
2068 4167 2131 4221 et
2163 4161 2435 4221 iuvenes
2483 4166 2743 4240 propter
2784 4158 3041 4220 fidelita-

802 4277 953 4347 tem,
1005 4287 1202 4348 quarn
1250 4285 1452 4347 regno
1498 4268 1829 4347 Hungarie
1878 4277 1940 4330 et
1969 4286 2154 4335 sacre
2184 4285 2424 4330 corone
2457 4267 2628 4347 regie
2661 4266 2746 4327 ab
2780 4265 3039 4344 antiquo

803 4377 1184 4440 exhibuistis
1232 4376 1426 4438 etiam
1476 4393 1628 4437 cum
1677 4376 1979 4455 dampnis
2026 4383 2089 4437 et
2136 4375 2434 4455 periculis
2481 4374 2733 4436 vestris,

1019 4515 1244 4568 Masolat
1283 4519 1634 4584 Gyurikovics
1675 4514 2155 4583 gyfijteme'nye'bol.
2197 4516 2463 4580 Kaprinay
2508 4530 2597 4579 gy.
