3475 5200
1369 385 1721 437 ...41-

421 605 630 678 batur,
698 604 817 665 fuit
885 606 971 666 ab
1036 605 1412 666 huiusmodi
1478 605 1875 668 abductione
1940 605 2206 667 liberata
2270 611 2334 665 et
2399 604 2666 666 salvata.

421 711 851 773 Postmodum
899 727 1055 774 vero
1103 711 1262 774 dum
1310 721 1460 793 post
1506 715 1873 792 aliquorum
1930 714 2248 775 curricula
2301 719 2668 791 temporum

419 836 545 881 nos
577 837 730 881 cum
761 817 1064 880 fidelibus
1095 819 1273 899 regni
1312 821 1511 882 nostri
1547 821 1827 900 prelatiS‚
1858 818 2236 896 baronibuS,
2269 819 2668 899 proceribuS,

419 926 745 1000 militibu5‚
797 926 1137 988 clientibus
1184 936 1247 988 et
1294 927 1620 989 nobilibus
1668 926 1753 988 ad
1801 926 2200 989 domandam
2250 926 2567 988 feritatem
2607 934 2670 989 et

420 1032 867 1112 corrigendam
889 1032 1301 1095 rebellionem
1328 1034 1682 1096 infidelium
1708 1034 2089 1096 olachorum
2111 1034 2389 1113 partium
2418 1041 2669 1096 nostro-

420 1157 562 1202 rum
619 1139 1219 1220 Transalpinarum,
1276 1142 1384 1219 qui
1441 1149 1598 1203 tunc
1654 1141 1965 1221 temporis
2013 1159 2053 1201 a
2112 1142 2303 1203 nobis
2361 1150 2423 1204 et
2479 1158 2668 1203 sacro

417 1257 643 1309 nostro
674 1248 1041 1310 diademate
1074 1250 1546 1311 contumaciter
1580 1265 1652 1310 se
1682 1250 2152 1324 abstraxerant,
2194 1250 2277 1309 ad
2312 1250 2490 1328 ipsas
2528 1267 2667 1329 par-

418 1363 519 1417 tes
585 1363 841 1417 nostras
906 1354 1374 1434 Transalpinas
1440 1357 1910 1418 exercitualiter
1974 1354 2241 1435 profecti
2310 1355 2665 1430 fueramuS,

419 1462 702 1541 inibique
751 1479 1038 1542 superno
1086 1463 1318 1541 opifice
1367 1470 1780 1542 cooperante,
1831 1464 1938 1541 qui
1980 1481 2021 1524 a
2069 1463 2254 1525 iustis
2301 1464 2516 1524 auxilii
2565 1463 2667 1525 sui

422 1570 847 1632 commodum
895 1571 1124 1649 procul
1155 1587 1399 1651 ponere
1442 1587 1575 1632 non
1609 1570 1809 1647 novit,
1843 1570 2000 1649 ipsis
2032 1571 2270 1631 nostris
2303 1570 2669 1632 infidelibus

417 1678 667 1739 olachis
713 1677 903 1740 nobis
950 1685 1014 1739 et
1060 1695 1243 1739 sacre
1292 1694 1531 1740 corone
1581 1684 1802 1739 nostre
1850 1677 2185 1739 viceversa
2240 1677 2667 1757 suppeditatis

419 1792 481 1847 et
510 1784 593 1845 ad
626 1785 843 1846 debita
880 1784 1249 1847 obedientia
1277 1785 1560 1846 reductis
1591 1802 1671 1846 ac
1703 1785 1938 1846 abinde
1972 1801 2122 1846 cum
2155 1784 2318 1846 felici
2349 1789 2414 1846 et
2446 1785 2665 1846 votivo

415 1892 744 1972 triumpho
792 1892 1037 1971 regredi
1084 1893 1477 1967 volentibuS,
1528 1893 1895 1954 nescientes
1943 1893 2233 1972 ipsorum
2282 1894 2665 1954 olachorum

417 2000 896 2062 instabilitatem
962 2006 1025 2060 et
1091 1999 1590 2062 inconstantiam
1656 2007 1721 2062 et
1788 2000 2226 2062 infidelitatem
2295 2000 2664 2075 recidivam,

416 2105 662 2168 eisdem
710 2107 957 2168 olachis
1006 2107 1070 2168 in
1119 2107 1414 2169 cavernis
1463 2113 1525 2168 et
1572 2108 1891 2169 montium
1948 2106 2376 2169 foraminibus
2425 2114 2488 2168 et
2523 2106 2661 2167 fau-

420 2215 604 2275 cibus
660 2213 903 2293 alpium
960 2214 1024 2274 in
1081 2213 1470 2276 abscondito
1526 2214 1895 2276 constitutis
1951 2222 2014 2276 et
2070 2214 2387 2278 maiestati
2446 2220 2663 2274 nostre
2758 2259 2761 2264 .

418 2321 660 2399 totique
707 2317 926 2383 no'stre
974 2322 1279 2383 exercitui
1330 2322 1595 2383 insidias
1641 2322 2058 2400 ponentibuS‚
2099 2322 2311 2383 dictus
2360 2322 2666 2399 magister

420 2426 644 2489 Petrus
726 2427 990 2490 devium
1070 2445 1143 2490 se
1220 2445 1352 2491 non
1431 2428 1602 2506 fecit,
1679 2446 1802 2491 nec
1875 2436 2225 2490 retrorsum
2306 2428 2478 2503 abiit,
2547 2428 2663 2489 sed

419 2551 532 2613 pro
591 2535 803 2596 salute
861 2553 1139 2615 persone
1196 2541 1416 2598 nostre
1488 2536 1844 2598 maiestatis
1906 2554 1983 2599 ac
2045 2531 2333 2598 fidelium
2411 2543 2663 2598 nostro-

419 2661 560 2705 rum
614 2643 869 2705 viriliter
916 2661 988 2706 se
1055 2660 1420 2723 opponens,
1479 2661 1594 2723 per
1651 2644 1832 2723 ipsos
1904 2642 2197 2705 infideles
2260 2643 2534 2705 olachos
2600 2642 2661 2703 in

418 2750 680 2812 brachio
713 2750 935 2812 dextre
969 2768 1210 2812 manus
1242 2767 1363 2812 sue
1406 2752 1687 2812 notabile
1719 2752 1961 2812 vulnus
2010 2750 2317 2829 suscepit.
2369 2748 2663 2828 Denique

419 2858 707 2936 prefatus
765 2859 1074 2938 magister
1119 2858 1348 2919 Petrus
1396 2859 1611 2920 varios
1657 2859 1968 2920 virtutum
2027 2857 2264 2919 modos
2320 2857 2664 2918 virtutibus

377 2988 386 2995 ·
419 2966 687 3045 cupiens
720 2964 1067 3043 adaugere,
1102 2966 1166 3027 in
1193 2945 1490 3028 confinifs
1526 2974 1816 3028 contrate
1850 2972 2070 3026 nostre
2114 2963 2528 3044 SyrmiensiS,
2555 2964 2663 3025 ubi

417 3073 628 3151 ipsum
687 3082 912 3135 contra
970 3075 1270 3136 incursus
1337 3074 1694 3135 eorundem
1762 3072 2130 3134 Turcorum
2200 3072 2541 3134 custodem
2601 3079 2664 3133 et

419 3187 692 3243 tutorem
742 3183 1102 3243 eorundem
1151 3180 1585 3243 confiniorum
1633 3188 2007 3242 nostrorum
2056 3197 2170 3259 per
2216 3186 2466 3241 certum
2504 3185 2664 3239 tem-

419 3306 540 3367 pus
579 3288 1151 3368 deputaveramuS‚
1197 3306 1354 3368 sepe
1393 3289 1616 3367 sepius
1661 3287 2226 3367 persecutionibus
2275 3292 2338 3347 et
2385 3285 2664 3347 invasio-

419 3396 606 3458 nibus
654 3398 974 3461 dictorum
1023 3396 1644 3457 immanissimorum
1692 3394 2059 3456 Turcorum
2115 3401 2249 3455 tam
2306 3394 2569 3455 virilem·
2601 3399 2664 3453 et

419 3510 752 3565 strenuum
802 3504 1056 3567 obicem
1103 3522 1174 3565 se
1221 3504 1462 3584 posuit,
1507 3502 1686 3582 quod
1733 3503 2110 3564 multotiens
2160 3502 2450 3580 ipsorum
2497 3499 2661 3561 Tur-

419 3628 640 3675 corum
690 3612 1044 3674 voluntatis
1094 3612 1352 3673 ulterior
1400 3627 1787 3690 progressus
1826 3608 2226 3671 retrocedere
2260 3614 2357 3668 est
2390 3614 2662 3669 coactus

419 3725 476 3779 et
507 3719 960 3794 necessitatuS,
996 3720 1105 3780 ubi
1140 3720 1334 3781 etiam
1368 3720 1570 3780 semel
1602 3718 2015 3798 personalem
2046 3733 2196 3776 cum
2231 3715 2325 3776 eis
2359 3714 2662 3777 habendo

419 3843 865 3905 congressum,
915 3827 1188 3906 plurima
1223 3827 1285 3887 in
1319 3843 1590 3905 corpore
1622 3843 1748 3886 suo
1778 3825 1991 3886 letalia
2037 3824 2327 3900 suscepit
2371 3822 2659 3897 vulnera,

416 3949 452 3993 e
482 3934 722 4011 quibus
770 3950 976 3995 unum
1020 3934 1083 3994 in
1116 3933 1374 3994 sinistra
1421 3950 1622 3993 manu
1662 3949 1787 3992 sua
1818 3938 2115 4011 potenter
2161 3930 2321 4007 gerit
2358 3936 2421 3988 et
2462 3937 2657 4005 geret,

415 4040 726 4117 quamdiu
772 4041 906 4102 vita
950 4041 1186 4103 comite
1235 4039 1599 4118 perfruetur
1648 4087 1660 4099 .
1714 4088 1727 4102 .
1782 4087 1795 4099 .
1851 4036 1902 4099 .“

624 4359 849 4421 Eredeti,
885 4357 1087 4424 hartya,
1117 4356 1384 4423 hatlapjan
1425 4356 1580 4422 Sarga
1617 4357 1836 4407 viaszba
1875 4360 2117 4421 nyomott
2154 4352 2335 4419 penset
2372 4349 2655 4403 toredekei-

418 4450 516 4511 vel,
555 4463 586 4498 a
623 4446 750 4499 bato
791 4447 1007 4514 Perenyi
1045 4446 1223 4498 csalad
1263 4445 1620 4513 nagyszoll6si
1659 4444 2027 4497 leveltaraban.
