3475 5200
1727 419 2071 467 mag--

775 639 1134 701 eorundem
1183 643 1357 698 statu
1401 636 1901 713 conditioneque
1934 645 1998 697 et
2028 636 2351 697 facultatis
2394 635 2699 716 qualitate
2731 634 3022 713 pensatis

775 746 1118 809 clementia
1163 744 1434 824 permoti
1484 743 1783 805 studiosa
1827 743 2165 805 liberaliter
2211 743 2539 805 intendere
2573 751 2635 804 et
2668 743 2753 804 ad
2791 760 2871 803 ea
2908 760 3021 821 per

774 871 904 933 que
951 853 1141 914 iidem
1189 852 1272 913 ad
1320 851 1619 913 meliores
1667 857 1882 912 status
1929 860 1992 913 et
2038 851 2371 913 uberiores
2419 868 2776 912 successus
2822 857 3019 911 aucto

774 978 1047 1022 numero
1103 961 1544 1040 provehantur
1599 959 1881 1038 aptiores
1937 947 2257 1019 accurata'
2289 958 2691 1037 providentia
2736 959 3017 1036 vigilare,

771 1069 998 1130 fideles
1031 1074 1310 1132 nostros,
1346 1067 1690 1128 universos
1731 1067 2011 1145 populos
2045 1073 2107 1127 et
2139 1066 2520 1144 iobagiones
2560 1066 2764 1127 fidelis
2794 1066 3017 1140 nostri,

771 1176 1028 1238 illustris
1076 1175 1331 1254 Georgii
1382 1173 1634 1252 despoti
1682 1191 1801 1235 seu
1849 1173 2034 1235 ducis
2082 1172 2311 1234 Rascie
2345 1173 2406 1233 in
2441 1172 2873 1253 possessione,
2894 1190 3017 1232 sua

769 1282 1124 1362 Torbaagh
1157 1289 1391 1343 vocata
1420 1281 1481 1341 in
1517 1280 1829 1343 comitatu
1870 1279 2203 1359 Pylisiensi
2232 1280 2470 1341 situata
2511 1285 3014 1356 commoranteS,

770 1391 960 1452 sicuti
1007 1390 1091 1450 ad
1139 1389 1470 1450 humilime
1511 1387 1997 1467 supplicationis
2040 1386 2409 1449 instantiam
2451 1389 2716 1466 pretacti
2759 1386 3015 1466 Georgii

770 1497 1046 1576 despoti,
1106 1504 1328 1558 nostro
1385 1513 1500 1574 per
1555 1511 1706 1556 eum
1765 1495 2023 1555 culmini
2082 1495 2621 1557 intercessibiliter
2676 1503 3016 1574 propterea

771 1610 1196 1684 perporrecte,
1236 1604 1329 1665 sic
1378 1620 1509 1664 non
1559 1603 1776 1664 minus
1824 1602 2083 1663 attentis
2131 1610 2193 1663 et
2242 1603 2526 1682 quadam
2576 1602 3013 1682 compassibili

768 1712 1004 1791 pietate
1047 1711 1472 1774 consideratis
1513 1717 1968 1790 paupertatum
2010 1709 2263 1789 inopiis,
2300 1706 2537 1788 quibus
2569 1711 2757 1772 iidem
2791 1710 3013 1789 populi

765 1825 833 1880 et
887 1819 1263 1897 iobagiones
1320 1818 1400 1879 de
1457 1817 1719 1879 iamfata
1777 1815 2131 1896 Torbaagh
2187 1824 2258 1878 ut
2313 1817 2661 1898 plurimum
2718 1817 3011 1896 oppressi

767 1927 906 1988 fore
939 1934 1321 1987 asseruntur
1350 1931 1415 1986 et
1445 1925 1683 2002 afflicti,
1724 1931 1795 1985 ut
1825 1925 1940 2002 ipsi
1986 1925 2112 1985 hoc
2150 1925 2323 2003 regie
2366 1924 2803 2004 opitulaminis
2830 1925 3010 1985 fulci-

724 2076 727 2080 ψ
765 2040 990 2094 mento
1038 2040 1101 2095 et
1148 2033 1558 2094 relevaminis
1605 2032 1898 2093 antidoto
1946 2031 2275 2094 exhilerati
2325 2032 2496 2092 circa
2541 2030 2829 2110 ipsorum
2886 2037 3011 2092 sta-

763 2152 904 2202 tum
953 2141 1388 2201 decentiorem
1437 2139 1768 2201 indefessa
1814 2139 2071 2202 solertia
2118 2139 2540 2200 insudescant
2587 2147 2651 2199 et
2677 2138 2761 2201 ab
2787 2139 3009 2200 huius-

764 2249 939 2310 modi
1021 2264 1299 2309 noverce
1377 2248 1774 2326 paupertatis
1860 2246 2223 2307 incomodis
2302 2245 2631 2307 exonerati
2711 2246 3008 2307 felicitate

763 2355 1061 2416 debentis
1101 2354 1162 2416 in
1196 2362 1582 2434 perpetuum
1630 2353 1940 2415 duximus
1988 2354 2391 2428 eximendOS,
2442 2354 2897 2416 exonerandos
2943 2363 3007 2415 et

763 2463 1023 2542 penitus
1064 2461 1571 2540 supportandOS‚
1612 2478 1840 2539 ymmo
1884 2460 2250 2536 eximimuS,
2290 2478 2728 2523 exoneramus
2761 2470 2820 2523 et
2853 2479 2995 2540 sup·

763 2577 1119 2649 portamus,
1170 2576 1641 2647 exemptosque
1699 2575 2092 2631 exoneratos
2157 2576 2219 2630 et
2283 2576 2703 2648 supportatos
2764 2569 3004 2631 habere

759 2678 1070 2738 volumus
1133 2685 1194 2737 et
1260 2675 1667 2737 decernimus
1735 2676 2135 2755 presentium
2215 2684 2584 2738 nostrarum
2648 2678 2867 2755 vigore
2937 2686 2997 2740 et

759 2784 1129 2846 testimonio
1161 2784 1486 2846 literarum
1519 2783 1862 2846 mediante.
1888 2784 2209 2863 Quocirca
2234 2784 2422 2846 vobis
2441 2784 2743 2847 fidelibus
2764 2786 3001 2847 nostris

758 2891 1128 2967 comitibus,
1185 2891 1708 2969 dicatoribusque
1767 2899 1830 2952 et
1887 2891 2298 2953 exactoribus
2347 2891 2494 2952 dicti
2541 2892 2697 2953 lucri
2744 2908 2998 2954 camere

762 3005 984 3059 nostre
1031 2999 1440 3078 presentibus
1486 3006 1548 3059 et
1597 2999 1847 3076 futuris,
1907 3000 2303 3077 presentium
2354 2999 2641 3061 notitiam
2690 2999 3001 3061 habituris

762 3106 1134 3168 firmissimo
1174 3114 1399 3167 nostro
1437 3108 1609 3185 regio
1651 3108 1776 3167 sub
1819 3106 2029 3168 edicto
2069 3107 2460 3185 precipimus
2490 3114 2552 3168 et
2584 3105 2998 3179 mandamuS,

755 3220 1086 3293 quatenus
1117 3213 1359 3274 amodo
1402 3214 1827 3293 imposterum
1861 3215 2128 3293 singulis
2162 3214 2555 3276 successivis
2598 3214 2999 3293 temporibus

753 3338 953 3400 super
1001 3321 1286 3400 prefatos
1343 3321 1622 3399 populos
1670 3326 1734 3381 et
1780 3321 2158 3399 iobagiones
2206 3321 2286 3382 de
2343 3320 2593 3400 prefata
2647 3320 2996 3402 Torbaagh

753 3429 1177 3508 prescriptum
1201 3429 1452 3488 lucrum
1479 3445 1733 3489 camere
1762 3434 1978 3490 nostre
2028 3429 2241 3490 dicare
2281 3438 2343 3490 et
2380 3429 2531 3490 illud
2556 3429 2729 3490 idem
2768 3429 2852 3490 ab
2879 3430 2991 3491 eis-

752 3536 905 3596 dem
947 3536 1200 3614 exigere
1232 3535 1494 3613 petique
1524 3552 1641 3596 seu
1682 3536 1847 3613 exigi
1881 3536 2092 3597 facere
2127 3553 2455 3614 nusquam
2488 3543 2552 3597 et
2581 3554 2999 3616 nequaquam

754 3643 1163 3721 presumatis,
1222 3660 1345 3703 nec
1400 3643 1579 3722 ipsos
1644 3643 1730 3703 ad
1786 3643 2174 3704 solutionem
2231 3643 2522 3705 eiusdem
2580 3661 2997 3723 quocumque

753 3756 1117 3828 temporum
1151 3750 1212 3810 in
1247 3758 1507 3825 eventu,
1541 3750 2017 3829 quoquomodo
2058 3767 2278 3811 arcare
2320 3756 2382 3811 et
2414 3751 2765 3830 astringere
2805 3752 2997 3813 debe·

749 3858 893 3933 atiS,
921 3874 1134 3935 neque
1170 3857 1307 3918 sitis
1331 3858 1473 3919 ausi
1508 3860 1706 3919 modo
1739 3857 2017 3936 aliquali,
2042 3858 2195 3936 quin
2216 3876 2442 3938 ymmo
2465 3860 2646 3939 ipsos
2673 3866 2737 3920 et
2769 3876 2993 3922 eorum

750 3970 1025 4026 cunctos
1074 3981 1495 4026 successores
1543 3965 1984 4044 possessionis
2035 3966 2272 4026 scilicet
2320 3965 2630 4046 Torbagh
2677 3967 2991 4046 appellate

748 4078 1082 4151 prenotate
1114 4072 1580 4134 inhabitatores
1608 4092 1648 4133 a
1681 4073 2002 4134 solutione
2042 4073 2199 4134 lucri
2239 4091 2492 4135 camere
2536 4080 2753 4135 nostre
2816 4073 2991 4153 preli·

751 4179 896 4239 bate
968 4188 1307 4258 exemptos
1376 4180 1670 4241 habeatis
1735 4181 1995 4258 penitus
2061 4188 2121 4241 et
2189 4187 2609 4261 supportatos
2672 4189 2736 4242 et
2799 4198 2991 4243 secus

749 4285 1117 4347 nullatenus
1174 4286 1385 4348 facere
1443 4287 1831 4366 presumatis
1880 4288 1942 4348 in
1992 4289 2341 4366 premissis
2402 4288 2744 4351 Presentes
2799 4290 2989 4350 etiam

748 4400 898 4471 post
935 4409 1158 4453 earum
1189 4394 1504 4455 lecturam
1552 4411 1812 4472 semper
1835 4395 1897 4455 in
1924 4395 2286 4457 exhibentis
2334 4397 2639 4457 manibus
2684 4398 2990 4459 volumus

745 4516 1097 4561 remanere.
1149 4498 1392 4562 Datum
1439 4500 1699 4564 Posonii
1747 4502 1903 4564 feria
1950 4504 2176 4581 quinta
2218 4504 2514 4581 proxima
2556 4512 2707 4582 post
2746 4502 2983 4566 festum

747 4609 1087 4672 beatorum
1135 4608 1258 4669 Viti
1306 4618 1369 4669 et
1416 4608 1693 4670 Modesti
1741 4610 2094 4687 martirum,
2138 4629 2313 4672 anno
2361 4611 2603 4673 domini
2651 4612 2986 4673 millesimo
