3475 5200
1337 380 1722 432 —175—

404 606 563 679 puta
600 598 799 677 Ordo,
839 598 1090 661 Derzen
1139 599 1203 661 in
1250 597 1524 677 Beregh‚
1574 599 1726 660 item
1773 598 2129 677 Zerednye,
2178 597 2431 677 IgnecZ,
2480 598 2652 662 Cha-

408 706 1022 787 monya,Dobroka,
1054 706 1379 785 Orlyawa,
1403 705 1687 785 Hodlyo‚
1725 706 2087 785 Monyoros
2119 712 2182 766 et
2213 702 2652 785 Lengelsalwa

405 814 469 876 in
514 813 740 895 anh
787 813 1205 876 comitatibus
1252 814 1608 876 existentes
1641 820 1705 875 et
1734 813 2012 889 habitaS,
2046 813 2260 892 ibique
2308 815 2654 877 universas

404 922 693 1002 pecudes
740 930 805 984 et
851 938 1089 1001 pecora
1136 938 1215 982 ac
1261 922 1387 982 alia
1433 921 1664 1000 quevis
1708 920 2011 982 animalia
2044 920 2463 1000 iobagionum
2499 920 2649 984 dicti

405 1027 719 1108 Symonis
762 1029 1111 1093 simulcum
1158 1028 1467 1090 omnibus
1514 1028 1653 1089 aliis
1701 1028 1900 1090 rebus
1946 1035 2009 1088 et
2055 1028 2246 1089 bonis
2291 1028 2650 1091 eorundem

405 1137 822 1217 iobagionum
871 1137 1179 1199 domibus
1226 1136 1517 1215 ipsorum
1565 1136 1831 1215 repertis
1862 1143 1926 1196 et
1959 1136 2238 1198 inventis
2283 1135 2543 1198 aufferri
2588 1143 2653 1198 et

408 1243 634 1324 depelli
668 1252 732 1307 et
762 1243 940 1323 quod
987 1244 1269 1306 deterius
1316 1250 1492 1306 esset
1539 1251 1689 1323 post
1719 1243 2077 1323 predictam
2122 1243 2652 1323 depredationem

408 1360 472 1414 et
534 1352 927 1413 ablationem
1006 1352 1327 1413 bonorum
1402 1352 1796 1431 populorum
1871 1358 1935 1413 et
2008 1351 2431 1430 iobagionum
2504 1350 2653 1413 dicti

407 1459 720 1539 Symonis
738 1458 1127 1539 prescriptas
1147 1457 1606 1538 possessiones
1627 1476 1740 1538 per
1761 1458 2134 1537 voraginem
2156 1458 2322 1537 ignis
2342 1459 2652 1521 succendi

408 1566 669 1647 penitus
702 1573 764 1628 et
796 1583 912 1646 per
957 1567 1178 1628 omnia
1209 1567 1508 1628 conburri
1541 1572 1604 1627 et
1637 1566 2033 1628 concremari
2074 1565 2336 1628 fecisset
2368 1566 2656 1646 potentia

410 1675 736 1736 mediante
783 1675 846 1735 in
894 1674 1319 1754 preiudicium
1369 1673 1516 1735 dicti
1565 1670 1878 1753 Symonis
1935 1672 2459 1752 valdemagnum.
2511 1672 2656 1753 Que

409 1781 503 1841 sic
580 1780 752 1842 facta
828 1780 970 1843 fore
1038 1781 1542 1843 exhibitionibus
1608 1780 2017 1860 quarundam
2084 1780 2275 1842 trium
2331 1781 2657 1843 literarum

408 1888 978 1967 inquisitoriarum,
1028 1888 1225 1950 unius
1270 1894 1484 1950 vestre
1550 1897 1613 1950 et
1678 1888 1941 1952 alterius
2000 1888 2282 1968 capituli·
2325 1889 2661 1967 Agriensis

411 1994 832 2057 ecclesiarum
891 2012 1149 2058 necnon
1204 1996 1385 2058 tertie
1431 1996 1832 2060 vicecomitis
1887 2003 1951 2058 et
2008 1995 2296 2057 iudicum
2345 1996 2658 2059 nobilium

411 2102 760 2165 comitatus
826 2103 908 2166 de
955 2103 1179 2183 anh
1245 2105 1372 2166 sub
1440 2121 1576 2166 uno
1641 2120 1845 2166 sensu
1911 2110 1974 2165 et
2036 2103 2247 2165 forma
2309 2105 2658 2166 verborum

407 2209 811 2287 loquentium
884 2211 1076 2273 nobis
1139 2211 1225 2272 ad
1281 2211 1656 2274 amicabiles
1722 2218 1985 2272 nostros
2048 2211 2499 2290 requisitiones
2565 2229 2658 2273 re-

410 2316 793 2396 scriptarum
871 2319 934 2379 in
1000 2319 1272 2381 diversis
1339 2319 1627 2381 terminis
1673 2326 2124 2381 emanatasum
2196 2320 2656 2399 comproban5‚

415 2424 626 2486 eidem
673 2425 870 2486 actori
918 2442 1002 2487 ex
1059 2432 1237 2505 parte
1285 2425 1432 2488 dicti
1479 2425 1799 2488 Johannis
1847 2444 1961 2505 per
2006 2442 2131 2487 nos
2194 2426 2260 2487 in
2323 2425 2658 2506 premissis

417 2531 571 2592 iuris
618 2532 967 2611 equitatem
1017 2532 1283 2613 petierat
1334 2532 1635 2612 inpartin'‚
1704 2550 1838 2613 quo
1885 2532 2108 2594 audito
2156 2533 2528 2595 Anthonius
2577 2532 2658 2595 de

417 2639 679 2701 Nabrad
727 2658 842 2720 pro
889 2640 1181 2703 antefato
1226 2641 1525 2704 Johanne
1573 2641 1655 2703 de
1703 2640 1958 2703 Chahol
2004 2658 2157 2703 cum
2205 2641 2660 2721 procuratoriis

414 2747 608 2809 literis
654 2748 886 2810 vestris
932 2748 997 2808 in
1046 2756 1336 2810 nostram
1383 2765 1749 2829 exsurgens
1795 2748 2187 2829 presentiam
2238 2749 2660 2828 responderat

416 2870 497 2915 ex
546 2853 844 2932 adverSO,
894 2855 1072 2933 quod
1119 2854 1288 2917 idem
1335 2855 1674 2917 Johannes
1719 2856 1785 2917 in
1832 2856 2010 2917 totali
2040 2856 2359 2935 premissa
2404 2856 2659 2918 actione

415 2971 479 3022 et
507 2962 931 3039 acquisitione
964 2962 1111 3025 dicti
1143 2962 1382 3025 actoris
1412 2963 1729 3024 innocens
1761 2971 1936 3025 esset
1974 2963 2232 3042 penitus
2272 2971 2336 3025 et
2374 2964 2661 3025 inmunis

355 3112 362 3120 .
414 3075 475 3130 et
522 3069 671 3131 ideo
736 3071 1018 3132 eundem
1085 3069 1170 3130 ad
1234 3069 1585 3131 veridicam
1633 3071 2113 3134 attestationem
2170 3071 2529 3133 vicinorum
2596 3080 2662 3133 et

415 3184 1016 3239 commetaneorum
1039 3177 1478 3256 nobiliumque
1498 3178 1844 3239 amborum
1857 3178 2285 3240 comitatuum
2304 3178 2384 3239 de
2406 3177 2658 3257 Beregh

416 3291 478 3345 et
526 3282 607 3346 de
654 3283 877 3363 anh
934 3300 1049 3364 per
1102 3284 1382 3347 sormam
1450 3284 1823 3346 communis
1887 3285 2319 3365 inquisitionis
2373 3284 2657 3348 fiendam

417 3391 818 3454 committere
862 3392 1047 3468 velle,
1089 3393 1470 3472 prefatoque
1502 3399 1921 3472 procuratore
1953 3392 2100 3455 dicti
2130 3393 2328 3454 actori
2376 3393 2659 3455 eundem

415 3499 479 3560 in
529 3498 783 3560 actione
816 3515 939 3560 sua
970 3507 1310 3579 prenotata
1355 3500 1440 3561 ad
1470 3508 1760 3561 nostram
1811 3499 2144 3561 iuridicam
2179 3500 2656 3579 requisitionem

415 3607 703 3669 similiter
747 3607 830 3668 ad
878 3607 1088 3686 ipsam
1137 3625 1556 3669 communem
1614 3608 2091 3687 inquisitionem
2150 3609 2448 3670 benivole
2507 3609 2660 3671 sub-

413 3715 706 3777 mittente
752 3715 1070 3792 retulerat,
1100 3716 1184 3777 ad
1227 3733 1425 3794 quam
1456 3715 1826 3778 faciendam
1860 3716 2010 3794 regii
2041 3723 2104 3777 et
2132 3716 2326 3777 vestri
2358 3716 2660 3778 homines

410 3822 783 3885 necessario
832 3823 1170 3885 transmitti
1226 3823 1462 3885 debere
1509 3823 1628 3884 visi
1678 3822 1954 3898 fuerant,
2003 3841 2122 3902 pro
2179 3839 2259 3885 eo
2316 3841 2468 3885 cum
2534 3840 2661 3886 nos

410 3929 682 3992 easdem
728 3936 947 4009 partes
994 3930 1078 3991 ad
1124 3930 1580 3992 executionem
1628 3929 2005 3992 huiusmodi
2039 3931 2409 3993 communis
2456 3931 2658 4010 inqui·

410 4036 664 4100 sitionis
722 4053 837 4116 per
898 4037 1199 4099 homines
1263 4037 1477 4117 regios
1542 4038 1954 4118 presentibus
1998 4038 2231 4102 vestris
2277 4038 2661 4101 testimoniis

408 4144 732 4224 vigesimo
797 4143 899 4206 die
965 4143 1110 4206 festi
1177 4144 1344 4207 beati
1409 4145 1634 4208 Jacobi
1699 4147 1980 4225 apostoli
2048 4154 2208 4209 tunc
2269 4147 2523 4208 venturi
2596 4146 2660 4208 in
2681 4167 2791 4209 aug·
2823 4156 2892 4199 1³-

411 4253 609 4332 opido
649 4250 782 4313 Zaz
825 4252 973 4314 loeo
1003 4252 1242 4314 scilicet
1271 4252 1447 4315 sedis
1488 4253 1794 4315 iudiciarii
1845 4253 2141 4316 eiusdem
2190 4253 2539 4315 comitatus
2579 4255 2660 4316 de

411 4359 666 4440 Beregh
713 4359 822 4420 ubi
869 4366 1323 4438 procuratores
1378 4360 1658 4440 partium
1714 4360 1925 4440 ipsam
1973 4377 2396 4423 communem
2455 4360 2659 4440 inqui-

413 4468 712 4530 sitionem
743 4465 880 4529 fieri
909 4467 1248 4530 voluerant
1293 4466 1662 4530 faciendam
1709 4466 2305 4530 transmisissemus
2349 4466 2656 4542 eomod0‚

413 4583 485 4638 ut
529 4576 723 4637 iidem
771 4574 1072 4638 homines
1120 4574 1271 4655 regii
1317 4574 1728 4655 presentibus
1793 4575 1950 4655 ipsis
1994 4575 2228 4639 vestris
2274 4575 2661 4638 testimoniis
