3475 5200
1714 346 2103 400 -172—

784 579 1011 634 contra
1044 569 1278 645 Christi
1308 569 1536 632 fideles
1568 570 1867 632 asciscat.
1904 568 2099 649 Quod
2131 586 2283 631 cum
2325 571 2519 633 etiam
2547 577 2761 635 vestre
2794 574 3029 636 sancti-

729 755 738 762 „
783 679 917 758 tati,
951 678 1036 740 ad
1066 692 1267 757 quam
1298 694 1476 740 nunc
1506 676 1936 757 proficiscitur
1981 677 2301 739 relaturus
2347 678 2450 756 sit,
2498 679 2871 743 dubitantes
2904 698 3028 744 nos

785 804 869 849 ne
914 785 1179 847 tandem
1228 784 1526 865 dispotus
1572 783 1866 864 prefatus
1912 783 2226 846 voluntati
2274 785 2478 865 ipsius
2525 788 2745 865 magni
2794 786 3027 850 Teucri

783 910 1034 956 morem
1081 909 1304 971 gerere
1337 899 1629 972 cogatur,
1663 891 1842 972 quod
1873 892 1928 954 si
1962 892 2162 969 fieret,
2196 892 2365 954 deus
2396 899 2617 956 tamen
2665 893 2730 956 id
2760 902 3028 974 avertat,

783 1000 1146 1063 maximum
1200 999 1542 1063 christiane
1608 998 1758 1062 fidei
1822 999 2281 1062 detrimentum
2337 999 2523 1077 foret,
2582 985 3029 1080 supplicamus

782 1108 994 1171 eidem
1041 1115 1257 1171 vestre
1304 1107 1626 1169 sanctitati
1673 1107 2013 1184 humiliter,
2045 1114 2120 1168 ut
2150 1113 2473 1169 oratorem
2505 1109 2722 1187 ipsum
2754 1109 3031 1189 benigne

783 1214 1006 1277 audire
1056 1231 1335 1294 eamque
1393 1232 1619 1276 curam
1675 1222 1738 1277 et
1795 1214 2187 1294 diligentiam
2235 1213 2541 1278 adhibere
2596 1215 2914 1297 dignetur,
2960 1223 3031 1280 ut

786 1321 1283 1385 christianorum
1348 1322 1736 1402 negligentia
1784 1321 1956 1384 idem
1993 1322 2295 1401 dispotus
2327 1339 2569 1402 magno
2599 1322 2862 1386 Teucro
2892 1342 3027 1404 pre-

786 1430 957 1492 dicto
1005 1446 1139 1491 non
1186 1429 1516 1507 adhereat,
1565 1431 1692 1492 tale
1722 1430 1844 1492 sibi
1876 1435 1940 1492 et
1972 1428 2303 1509 Hungaris
2344 1429 2659 1492 auxilium
2712 1431 3029 1494 adversus

784 1537 1030 1600 dictum
1077 1554 1392 1616 magnum
1423 1535 1756 1599 Teucrum
1787 1535 2140 1616 prestando
2171 1536 2730 1615 quemadmodum
2761 1555 2888 1600 nos
2915 1555 3028 1619 pro

786 1644 986 1707 nostri
1034 1644 1340 1706 facultate
1388 1644 1482 1706 eis
1526 1645 1912 1724 prestituros
1941 1632 2177 1723 policiti
2209 1660 2446 1706 sumus
2479 1649 2544 1706 et
2572 1645 3023 1723 prestabimuS,

784 1752 964 1831 quod
1008 1751 1194 1814 facile
1243 1750 1452 1813 eidem
1485 1768 1729 1831 magno
1760 1750 2019 1813 Teucro
2065 1768 2180 1831 per
2226 1768 2345 1814 eos
2391 1750 2599 1813 resisti
2646 1751 2874 1830 possit,
2912 1769 3029 1814 nec

785 1860 1100 1921 sanctitas
1147 1859 1290 1938 ipsa
1336 1865 1552 1921 vestra
1580 1858 1822 1921 diutius
1853 1857 2214 1937 predictum
2247 1865 2573 1921 oratorem
2606 1858 2892 1921 detinere
2914 1857 3029 1922 sed

785 1981 939 2027 eum
987 1982 1187 2044 quam
1233 1964 1513 2044 primum
1545 1954 1850 2045 expedire
1891 1965 2061 2041 velit,
2111 1981 2192 2026 ne
2234 1962 2484 2028 interim
2515 1964 2817 2046 dispotus
2863 1963 3031 2028 idem

784 2074 1017 2136 mutari
1065 2080 1129 2135 et
1173 2073 1343 2136 votis
1390 2073 1594 2152 ipsius
1640 2074 1860 2152 magni
1908 2071 2143 2135 Teucri
2178 2117 2597 2135 .......
2670 2079 3027 2152 cogeretur,

787 2181 849 2243 in
895 2198 1029 2260 quo
1074 2181 1160 2242 ab
1206 2178 1439 2243 eadem
1471 2187 1687 2243 vestra
1716 2179 2060 2242 sanctitate
2091 2198 2291 2260 quam
2325 2180 2742 2260 omnipotens
2777 2186 3033 2249 tueatur

787 2287 1047 2350 feliciter
1091 2288 1176 2350 ad
1224 2296 1383 2351 vota
1448 2305 1581 2352 non
1644 2305 1878 2368 parum
1927 2287 2177 2358 Christi,
2230 2288 2378 2351 fidei
2435 2287 2770 2368 provisum
2828 2285 3031 2349 fuerit.

788 2394 1030 2458 Datum
1093 2395 1159 2457 in
1225 2395 1464 2458 nostris
1527 2395 1824 2458 felicibus
1888 2394 2117 2457 castris
2157 2396 2358 2475 *apud
2424 2411 2733 2475 campum
2796 2394 3031 2457 latrum

788 2500 889 2564 die
935 2507 1173 2565 octavo
1222 2499 1524 2565 Octobris
1569 2495 2012 2583 MCCC(L)III.
2058 2502 2195 2564 Rex
2241 2500 2584 2565 AlfonsuS.

1000 2678 1288 2746 Thalloezy
1326 2680 1381 2731 L.
1421 2677 1587 2746 gyt'ijt.

1761 2986 2066 3050 CCXLV.

1518 3216 1610 3280 H.
1654 3237 1743 3295 n.,
1776 3214 1972 3280 1453.
2022 3217 2188 3280 decz.
2234 3215 2299 3281 3.

790 3378 996 3431 Paloczi
1036 3376 1225 3429 Laszlo
1265 3375 1573 3441 orszagbiro
1612 3378 1930 3443 meghagyja
1968 3386 1998 3427 a
2025 3378 2186 3428 budai
2230 3375 2599 3444 kaptalannak,
2624 3380 2771 3446 hogy
2796 3396 2862 3432 az
2887 3381 3026 3433 aradi

787 3477 1140 3544 kaptalannak
1196 3476 1519 3527 Brankovics
1584 3475 1805 3542 Gyiirgy
1862 3477 2119 3540 deszpota
2175 3476 2309 3527 ellen
2366 3478 2522 3527 emelt
2572 3476 2847 3543 panaszat,
2894 3481 3026 3544 mely

790 3577 990 3627 szerint
1045 3576 1221 3626 annak
1278 3572 1600 3640 vilagosvari
1658 3575 1885 3625 emberei
1943 3589 2006 3624 az
2055 3575 2199 3624 aradi
2246 3570 2515 3638 kaptalant
2569 3590 2600 3625 a
2645 3549 3026 3642 Vilagosvrirral

790 3672 1139 3729 szomszedos
1165 3671 1404 3726 Kazaker
1421 3674 1629 3725 birtoka
1652 3671 1957 3724 hatarainak
1984 3670 2222 3738 bejarasa
2259 3671 2567 3726 alkalmaval
2595 3672 3023 3741 megakadalyoz·

788 3771 874 3823 tak
914 3787 940 3823 s
978 3769 1273 3838 egyebkent
1311 3772 1360 3825 is
1398 3788 1429 3822 a
1464 3770 1709 3838 kaptalan
1768 3769 1949 3823 kerata
1994 3769 2443 3825 hammaskodast
2488 3773 2738 3824 kovettek
2775 3775 2842 3841 el,
2877 3779 3028 3839 tegye

1627 3869 1886 3936 vizsgiilat
1920 3868 2189 3937 tiu-gyiwa.

1004 4018 1249 4081 Amicis
1323 4019 1464 4081 suis
1534 4018 1905 4081 reverendis
1970 4010 2277 4098 c(apitulo
2344 4019 2618 4081 ecclesie
2684 4014 3027 4102 Budensis)

790 4125 1132 4188 Ladislaus
1179 4124 1261 4186 de
1306 4123 1542 4188 Palocz
1591 4125 1787 4188 iudex
1835 4125 2010 4187 curie
2057 4125 2300 4188 domini
2358 4124 2637 4189 Ladislai
2683 4125 2785 4190 dei
2829 4129 3029 4208 gratia

791 4231 1146 4312 Hungarie,
1196 4232 1508 4296 Bohemie
1554 4227 1920 4314 (Dalmatie,
1970 4230 2250 4311 Croatie)
2298 4241 2421 4295 etc.
2470 4234 2640 4315 regis
2684 4236 3025 4299 amicitiam

792 4346 1082 4420 paratam
1150 4352 1299 4402 cum
1366 4335 1635 4403 honore.
1704 4338 1950 4402 Dicitur
2019 4340 2207 4403 nobis
2280 4340 2345 4401 in
2421 4357 2705 4419 persona
2773 4340 3023 4423 capituli

614 4510 719 4554 ¹450
791 4446 1063 4509 ecclesie
1093 4445 1491 4525 OrodiensiS,
1513 4447 1690 4527 quod
1712 4448 1869 4509 dum
1888 4447 1956 4509 in
1977 4463 2152 4509 anno
2175 4439 2421 4555 domini
2450 4446 2550 4509 Μο
2592 4444 2850 4512 CCCC⁰
2882 4451 3029 4555 L¹¹¹²‘²,·¹

557 4582 654 4627 oin.
681 4583 750 4626 aa.
789 4554 1085 4617 videlicet
1132 4554 1194 4616 in
1233 4555 1402 4617 festo
1448 4555 1619 4618 beati
1667 4555 1907 4617 Alberti
1957 4556 2231 4618 martiris
2278 4563 2435 4618 tunc
2476 4557 2778 4636 preterito
2824 4558 3022 4623 hono·

3096 4922 3444 5152 nal
