3475 5200
1642 306 2030 359 —470—

923 526 1208 583 Maximas
1257 543 1383 581 esse
1430 526 1792 583 Turchorum
1831 528 2031 598 copias
2068 530 2242 599 plana
2273 535 2326 583 et
2357 531 2532 585 colles
2584 543 2956 603 occupantes&

709 635 811 688 sed
858 639 921 688 ut
958 650 993 687 a
1023 633 1328 704 fidedignis
1361 636 1599 690 relatum
1647 640 1752 702 est,
1804 635 2078 705 plurimas
2126 652 2254 691 esse
2301 637 2564 692 mulieres
2596 647 2651 691 et
2680 655 2956 695 numerus

709 740 1003 811 copiosior
1048 740 1325 797 videatur.

921 848 1239 904 Maximam
1287 865 1415 904 esse
1461 850 1768 920 pecuniam
1817 850 1875 904 in
1923 851 2127 905 castris
2174 849 2552 919 Turchorum,
2604 871 2756 907 unus
2788 855 2956 923 panis

707 956 935 1027 triginta
980 957 1166 1026 aspris
1214 955 1455 1025 emitur;
1505 963 1642 1012 sunt
1686 963 1802 1021 tres
1852 966 2040 1026 partes
2088 958 2263 1013 unius
2311 956 2524 1019 ducati.

921 1063 1138 1119 Multos
1202 1064 1356 1119 fame
1427 1064 1570 1119 mori
1637 1063 1697 1120 in
1764 1064 1890 1118 eius
1954 1064 2222 1133 exercitu,
2275 1067 2488 1120 multos
2556 1067 2814 1135 captivos
2884 1071 2952 1119 ad

713 1179 906 1227 :insita
951 1170 1395 1226 christianorum
1443 1178 1631 1227 castra
1670 1171 1887 1241 fugere.

923 1277 1286 1334 Turchorum
1335 1278 1506 1333 eliam
1552 1277 1832 1348 plurimos
1880 1279 2031 1333 fame
2080 1280 2416 1348 compulsos
2463 1283 2748 1335 advenire,

923 1384 1218 1440 Turchum
1276 1399 1547 1455 magnum
1605 1386 1895 1453 quendam
1952 1401 2024 1440 ex
2088 1386 2232 1440 Asia
2297 1385 2620 1443 venientem
2680 1387 2956 1443 nuncian-

713 1503 937 1563 temque
1001 1492 1213 1549 vastari
1279 1491 1584 1547 orientales
1653 1498 1842 1563 partes
1911 1493 2013 1546 ab.
2056 1494 2323 1572 hostibus
2390 1509 2584 1549 coram
2652 1511 2712 1547 se
2772 1495 2956 1547 occidi

717 1599 972 1666 iussisse,
1021 1599 1352 1669 dixisseque
1400 1616 1462 1655 se
1511 1601 1589 1655 ita
1635 1600 1838 1656 ceteris
1884 1600 2019 1656 talia
2064 1601 2477 1657 nunciantibus
2528 1603 2824 1655 facturum.

925 1724 1217 1780 Turchum
1289 1740 1563 1795 magnum
1620 1726 1862 1793 iurasse,
1935 1727 2094 1796 quod
2167 1722 2360 1782 futuro
2431 1741 2628 1783 mense
2700 1727 2960 1783 ridelieet

714 1835 977 1903 Augusto
1025 1831 1303 1887 ieiunium
1351 1846 1525 1887 suum
1556 1832 1718 1887 Bude
1758 1832 2083 1902 celebraret,
2131 1834 2291 1904 quod
2337 1834 2480 1889 forte
2512 1835 2620 1887 sihi
2660 1835 2764 1887 det]
2800 1835 2960 1887 adiu-

717 1947 881 1995 vante
918 1940 1156 1995 accidet.
1207 1938 1323 1994 Sed
1370 1938 1428 1994 in
1477 1954 1703 1994 carcere
1751 1945 1805 1994 et
1851 1954 1969 1996 non
2009 1940 2066 1995 in
2106 1948 2314 1995 castro.

926 2065 1190 2121 Castrum
1241 2063 1672 2135 diligentissime
1721 2074 2015 2136 oppugnat
2064 2070 2256 2137 utpote
2304 2066 2455 2121 fame
2499 2071 2620 2135 ipse
2656 2071 2956 2131 obsessam„

717 2175 881 2227 habet
936 2188 1114 2228 naves
1164 2172 1256 2227 CL
1303 2172 1362 2228 in
1408 2166 1697 2240 Danubio,
1754 2174 1855 2227 sed
1904 2174 1973 2227 de
2024 2172 2133 2227 hiis
2180 2188 2383 2244 parum
2441 2183 2600 2231 curat
2648 2175 2956 2227 christ-imm

717 2279 940 2335 classis,

925 2386 988 2441 In
1047 2385 1359 2441 christiano
1425 2387 1675 2441 exercitu
1733 2392 1820 2440 est
1868 2388 2279 2455 habundantia,
2338 2388 2548 2443 adsunt
2616 2379 2708 2442 [ΞΜ
2760 2403 2956 2443 eruce-

497 2499 581 2551 juh
609 2503 669 2543 w.
713 2495 1086 2563 signatorum,
1137 2494 1213 2548 ita
1257 2494 1506 2548 referunt
1553 2493 1728 2548 littere
1779 2494 1905 2547 date
1950 2492 2135 2549 XVIII
2180 2492 2334 2563 Julii‚
2384 2495 2457 2548 ab
2504 2495 2600 2547 illo
2648 2495 2736 2547 die
2788 2499 2956 2551 credi:-

713 2601 1015 2656 advenisse
1064 2603 1242 2656 multa
1288 2600 1445 2655 milia
1492 2617 1567 2655 ax
1609 2600 2011 2668 Transilvana‚
2061 2601 2231 2656 hodie
2278 2602 2337 2657 in
2386 2602 2476 2657 die
2524 2604 2704 2656 sancti
2752 2600 2952 2656 jacohi

501 2715 673 2767 jures.
715 2707 1002 2763 debebunt
1032 2708 1092 2762 in
1124 2707 1327 2762 castris
1359 2708 1629 2763 constitui
1678 2707 1831 2763 circa
1853 2706 2019 2764 XXX
2067 2706 2225 2763 milia
2269 2708 2588 2776 hominum,
2628 2716 2688 2764 ut
2720 2712 2952 2776 quidam

713 2815 897 2871 retulit
942 2831 1044 2885 per
1088 2812 1309 2870 Budam
1360 2816 1548 2870 solum
1597 2817 1669 2870 ab
1718 2815 1814 2869 illa
1847 2816 1937 2869 die
1972 2815 2111 2870 citra
2156 2817 2466 2871 transivere
2495 2816 2608 2872 fere
2644 2816 2748 2868 tria
2780 2816 2952 2872 milia.

925 2921 1187 2978 Rassiam
1234 2922 1445 2977 Turchi
1493 2923 1857 2978 vehementer
1903 2920 2091 2977 infesti
2132 2929 2285 2982 sunt.

926 3047 1126 3119 Usque
1183 3049 1256 3102 ad
1314 3048 1467 3103 illam
1526 3049 1676 3103 diem
1735 3048 1982 3104 habebat
2037 3048 2383 3104 christianus
2440 3052 2720 3104 exercitus
2780 3064 2956 3104 naves

717 3160 992 3212 ducentas
1041 3156 1226 3210 bonas
1275 3163 1328 3209 et
1375 3171 1634 3224 magnaS‚
1688 3171 1872 3225 usque
1920 3157 1992 3208 ad
2040 3155 2206 3210 istam
2256 3156 2405 3211 diem
2454 3156 2624 3210 hahet
2672 3156 2956 3212 niceni-as.

493 3272 577 3324 ΡΠ*
613 3272 677 3312 Π·
929 3279 1084 3335 XVII
1154 3281 1244 3335 die
1310 3280 1417 3335 suit
1482 3280 1715 3350 quidam
1784 3279 2089 3334 conflictus
2154 3279 2375 3334 navalis
2440 3288 2712 3348 ceps-:runt
2776 3280 2952 3336 nostri

714 3392 912 3444 ducem
977 3403 1154 3442 naves
1202 3387 1582 3455 Turchorum,
1650 3386 1754 3440 VII
1802 3402 1974 3457 parve
2031 3388 2327 3441 submerse
2383 3396 2536 3456 sunt,
2596 3396 2704 3440 tres
2756 3404 2956 3456 magne

717 3504 922 3552 retente
968 3498 1134 3566 plene
1181 3495 1383 3566 spoliis
1433 3502 1486 3549 et
1532 3489 1805 3549 omnibus
1854 3494 1912 3548 in
1961 3494 2176 3548 eisdem
2224 3494 2471 3548 navibus
2532 3496 2676 3564 capti
2728 3504 2776 3548 et
2828 3496 2960 3548 suh*

713 3604 881 3656 mersi
949 3603 1099 3657 mille
1163 3602 1396 3658 Turchi.
1464 3600 1587 3659 Nos
1653 3608 1765 3656 tres
1813 3616 2030 3655 vacuas
2096 3617 2274 3655 naves
2332 3601 2632 3656 amisimus
2692 3604 2956 3656 homines

713 3708 813 3764 ΧΗ
865 3708 1039 3764 occisi
1089 3711 1157 3764 de
1206 3710 1437 3764 nostris,

921 3831 986 3889 In
1053 3830 1254 3888 Castro
1322 3840 1457 3888 sunt
1519 3832 1640 3889 XII.
1693 3834 1850 3888 milia
1915 3835 2235 3902 hominum,
2304 3833 2476 3903 aliqui
2546 3836 2740 3888 decem
2804 3832 2960 3888 milia

713 3944 926 4008 dicunt,
978 3942 1078 3995 sed
1129 3941 1272 3995 bene
1321 3941 1524 3996 muniti
1574 3946 1709 3996 sunt
1757 3948 1809 3996 et
1856 3956 1973 3996 non
2022 3941 2220 3995 timent
2252 3942 2528 3994 hactenus
2592 3940 2716 3996 licet
2764 3940 2960 4008 aIIqus.

713 4064 843 4120 pars
893 4048 1039 4102 muri
1085 4048 1295 4103 ictibus
1344 4048 1791 4104 bombardorum
1840 4053 2095 4118 prostata
2143 4049 2214 4102 sit
2262 4049 2480 4107 sed...
2536 4048 2788 4100 sarcitur.

925 4174 1072 4228 Cum
1130 4173 1287 4242 prius
1343 4172 1555 4227 Turchi
1613 4179 1863 4227 castrum
1923 4173 2290 4227 obsedissent
2353 4179 2406 4226 et
2453 4172 2724 4228 haherent
2780 4188 2960 4224 naves

713 4284 765 4336 in
821 4280 1052 4334 [lumine
1101 4278 1273 4347 Sava,
1325 4295 1481 4334 nunc
1538 4295 1749 4334 vem..
1778 4323 1790 4334 .
1844 4280 2053 4334 habent
2099 4287 2151 4333 et
2208 4287 2342 4334 sunt
2399 4280 2457 4334 in
2504 4280 2752 4332 inferiori
2804 4288 2960 4348 pat-tx:

713 4386 977 4456 ilariubii,
1045 4387 1125 4441 ita
1189 4388 1346 4457 quod
1403 4393 1654 4441 castrum
1720 4402 1792 4441 ex
1826 4393 1982 4456 parte
2047 4386 2195 4441 Save
2263 4385 2520 4440 fluminis
2576 4396 2628 4440 et
2684 4404 2752 4440 ex
2804 4396 2960 4456 parte

713 4493 957 4552 Imuubii
1024 4510 1144 4548 non
1209 4501 1295 4549 est
1347 4496 1672 4562 obsessum,
1724 4495 1827 4548 sed
1897 4499 2054 4548 tutus
2102 4509 2376 4548 accessus
2424 4492 2748 4548 christianis
2808 4504 2960 4564 pata-t
