3475 5200
1401 327 1470 334 —-
1545 298 1647 350 119
1723 261 1829 334 ---’

476 516 577 578 nis
640 516 1052 594 effusionem,
1100 534 1218 596 pro
1265 517 1466 579 nostri
1533 499 1799 580 honoris
1862 518 2063 597 gloria
2108 523 2172 580 et
2220 518 2499 581 nominis
2546 518 2721 581 exal-

475 623 716 686 tatione
759 623 1076 704 patienter
1118 624 1530 704 pertulerunt.
1579 623 1882 687 Tandem
1927 624 2122 687 etiam
2170 642 2304 688 non
2352 630 2505 706 post
2553 627 2720 688 mul-

475 739 689 793 torum
786 730 1035 794 dierum
1126 731 1355 812 spatia,
1442 733 1726 794 antelato
1809 732 2044 794 comite
2119 730 2420 794 Johanne
2494 739 2722 796 nostro

474 839 726 915 rebelle,
773 838 917 918 ipsa
960 835 1350 901 infidelitatis
1396 845 1552 901 nota
1598 839 1925 902 offuscato
1987 839 2074 906 ab
2137 840 2264 901 hac
2321 840 2468 902 luce
2534 840 2721 901 dece-

476 947 688 1021 dente,
754 945 974 1007 omnia
1020 951 1082 1007 et
1128 946 1359 1024 quevis
1425 947 1741 1026 premissa
1808 952 2021 1008 castra
2066 953 2130 1008 et
2175 946 2473 1009 fortalitia
2519 963 2720 1025 regno

476 1061 701 1116 nostro
768 1053 830 1115 in
895 1059 1184 1133 pretacto
1249 1071 1364 1133 per
1426 1054 1642 1134 ipsum
1689 1060 1762 1115 ut
1808 1055 2204 1134 pretangitur
2258 1061 2591 1134 usurpata,
2639 1053 2722 1115 de

475 1161 777 1224 manibus
809 1160 1039 1223 nobilis
1070 1160 1333 1224 domine
1366 1161 1578 1223 relicte
1608 1179 1686 1223 ac
1716 1159 1823 1223 filii
1855 1161 2058 1241 ipsius
2090 1160 2373 1224 condam
2402 1159 2722 1223 Johannis

475 1269 727 1331 comitis
761 1269 904 1348 ipse
936 1267 1210 1330 Mathko
1240 1268 1454 1330 banus
1485 1285 1601 1348 per
1630 1285 1825 1330 suam
1853 1285 2162 1348 sagacem
2195 1268 2720 1348 cooperationem

475 1375 938 1456 recuperandO,
987 1376 1304 1438 manibus·
1341 1375 1579 1438 nostris
1611 1376 2135 1456 reappropriavit.
2170 1375 2409 1438 Habita
2438 1375 2627 1453 igitur
2657 1380 2722 1436 et
2753 1456 2760 1466 .

473 1490 735 1564 peracta
780 1483 1098 1563 premissa
1143 1482 1505 1562 particulari
1553 1483 1963 1546 servitiorum
2003 1483 2314 1563 sepetacti
2345 1481 2722 1544 Mathkonis

473 1590 623 1654 bani
687 1590 1069 1667 narratione,
1135 1607 1313 1651 nunc
1359 1590 1443 1650 ad
1491 1590 1776 1668 quedam
1821 1589 2169 1653 laudabilia
2232 1589 2441 1652 fidelis
2516 1588 2719 1651 nostri

474 1699 720 1761 sincere
784 1698 993 1760 dilecti
1057 1697 1380 1777 magnifici
1449 1696 1808 1760 Frankonis
1873 1696 1956 1760 de
2028 1705 2317 1778 pretacta
2383 1696 2718 1772 Talloch,

474 1806 622 1868 bani
670 1805 870 1868 nostri
916 1805 1388 1880 ZewriniensiS,
1439 1804 1649 1866 fratris
1695 1805 1938 1867 scilicet
1984 1806 2258 1867 carnalis
2313 1804 2608 1868 eiusdem
2652 1803 2718 1864 in

474 1912 689 1992 aliqua
735 1920 916 1994 parte
965 1930 1117 1974 cum
1163 1912 1227 1974 in
1275 1919 1500 1975 nostra
1546 1913 1629 1974 ad
1677 1930 1950 1992 presens
1996 1913 2060 1974 in
2114 1919 2254 1975 toto
2317 1911 2722 1974 recordativa

475 2037 606 2081 non
656 2019 936 2082 existant
980 2020 1269 2099 potentia
1315 2020 1698 2099 explicanda
1746 2021 2086 2100 obsequia,
2142 2021 2555 2082 divertamur.
2622 2018 2720 2081 In·

475 2126 694 2206 primis
741 2127 1080 2206 siquidem·
1113 2127 1284 2190 idem
1333 2128 1589 2190 Franko
1639 2128 1854 2189 banus
1887 2127 2073 2189 sicuti
2114 2127 2452 2207 sanguinis
2482 2127 2719 2207 copula

479 2234 570 2295 sic
661 2251 795 2297 non
879 2234 1098 2297 minus
1163 2253 1421 2297 morum
1505 2242 1570 2297 et
1645 2235 2087 2297 strennuitatis
2151 2235 2504 2297 imitatione
2569 2233 2719 2296 dicti

475 2340 848 2404 Mathkonis
894 2342 1045 2404 bani
1093 2342 1304 2404 fratris
1350 2361 1391 2404 a
1437 2360 1558 2405 sue
1606 2343 2042 2406 adolescentie
2090 2342 2405 2422 primitive
2466 2348 2718 2420 tempo-

472 2448 651 2511 ribus
699 2449 1015 2512 maiestati
1049 2456 1267 2511 nostre
1299 2450 1568 2512 fideliter
1599 2449 1964 2528 serviend0,
2003 2450 2164 2513 dum
2194 2467 2403 2529 nuper
2433 2448 2717 2510 eundern

473 2554 881 2619 Frankonem
905 2558 1152 2620 banum
1183 2575 1470 2620 unacum
1503 2557 1868 2640 magnificis
1897 2556 2197 2621 Johanne
2230 2556 2361 2619 filio
2389 2555 2715 2636 wayvode

471 2664 552 2725 de
598 2663 940 2743 MarczalY,
989 2665 1299 2743 magistro
1348 2666 1522 2727 curie
1569 2671 1793 2728 nostre
1839 2666 2197 2727 maiestatis
2244 2674 2308 2726 et
2353 2665 2554 2727 altero
2610 2663 2715 2725 Jo-

471 2770 685 2833 hanne
732 2770 904 2834 dicto
951 2770 1210 2851 Orzaag
1255 2772 1337 2834 de
1386 2772 1881 2852 thh,‘quibus
1909 2779 2066 2834 tunc
2100 2772 2449 2834 nonnullos
2481 2771 2714 2833 milites

472 2886 533 2939 et
592 2878 937 2941 familiares
1001 2888 1284 2956 nostrOS,
1350 2896 1609 2942 necnon
1676 2880 2030 2942 exercitum
2095 2886 2391 2941 nostrum
2464 2878 2714 2957 regium

468 2985 905 3065 adiungendo,
970 2986 1373 3065 eosdemque
1436 3004 1783 3067 sumpmos
1845 2986 2051 3067 ipsius
2119 2986 2320 3048 nostri
2391 2985 2713 3048 exercitus

468 3093 846 3173 capitaneos
910 3093 1322 3173 preficiendo,
1387 3094 1474 3156 ad
1521 3095 2071 3157 comburrendum
2119 3099 2184 3156 et
2227 3090 2710 3155 anichilandum

466 3201 803 3279 quoddam
841 3208 1128 3263 castrum
1176 3199 1534 3263 Crusowcz
1580 3208 1892 3264 vocatum
1930 3202 1993 3263 in
2033 3219 2234 3280 regno
2281 3200 2512 3262 Rascie
2558 3216 2712 3278 erga

467 3325 709 3370 manus
768 3308 1261 3371 sevissimorum
1332 3309 1701 3372 Turcorum
1779 3310 2094 3386 habitum,
2172 3326 2431 3371 necnon
2501 3314 2711 3371 certas

465 3416 691 3493 galeas
728 3433 850 3479 seu
897 3433 1102 3478 naves
1133 3417 1427 3496 ipsorum
1458 3417 1826 3480 Turcorum
1860 3419 1921 3479 in
1954 3417 2155 3480 fluvio
2187 3416 2441 3479 Morwa
2473 3421 2712 3477 vocato

465 3540 505 3583 a
551 3523 845 3602 pluribus
890 3523 1254 3586 retrossuxis
1300 3525 1705 3605 temporibus
1752 3543 1869 3605 per
1913 3525 2186 3590 eosdem
2230 3524 2598 3600 fabricatas,
2647 3522 2712 3584 in

465 3638 528 3692 et
577 3648 660 3692 ex
707 3630 946 3711 quibus
993 3631 1184 3694 iidem
1230 3632 1429 3695 Turci
1474 3650 1677 3713 regno
1725 3640 1791 3696 et
1823 3632 2165 3713 regnicolis
2197 3632 2436 3694 nostris
2467 3647 2710 3711 preser-

463 3738 578 3800 tim
624 3738 689 3800 in
745 3738 1035 3818 partibus
1102 3738 1509 3803 inferioribus
1574 3740 1943 3804 constitutis
1998 3739 2370 3819 multiplicia
2426 3738 2712 3817 dampna

463 3852 528 3907 et
574 3853 1121 3909 nocumentorum
1165 3864 1407 3927 genera
1437 3848 1668 3911 inferre
1701 3848 2070 3928 potuissent
2098 3854 2299 3928 atque
2328 3846 2710 3921 voluissent,

463 3952 1072 4033 transmisissemus,
1118 3961 1276 4016 tunc
1321 3956 1460 4036 ipse
1508 3954 1769 4018 Franko
1817 3956 2033 4018 banus
2080 3972 2233 4017 curn
2279 3953 2529 4016 decenti
2556 3969 2712 4032 gen·

462 4061 623 4121 tium
670 4076 941 4123 suarum
988 4062 1295 4124 comitiva
1340 4063 1574 4141 pariter
1619 4081 1775 4126 cum
1821 4060 2068 4126 eisdem
2126 4060 2501 4141 capitaneis,
2552 4076 2710 4137 quo-

466 4185 610 4228 rum
658 4168 796 4247 ipse
843 4167 1102 4232 Franko
1157 4170 1374 4234 banus
1421 4188 1596 4233 unus
1644 4172 1863 4248 extitit,
1916 4188 1996 4233 ac
2044 4169 2273 4233 ceteris
2336 4165 2709 4243 baronibus,

466 4274 769 4337 militibus
827 4292 1093 4357 quoque
1138 4284 1203 4339 et
1248 4276 1586 4340 clientibus
1633 4278 1874 4340 nostris
1937 4276 2354 4355 insurgendo,
2420 4274 2484 4336 in
2539 4273 2710 4353 ipso·

467 4397 740 4461 rumque
786 4382 1072 4445 celeriori
1117 4401 1232 4463 per
1278 4384 1552 4447 fluvium
1590 4384 1872 4447 Danubii
1918 4383 2446 4448 transvadatione
2484 4399 2708 4448 curam

468 4494 528 4550 et
571 4488 1068 4553 sollicitudinem
1131 4491 1401 4554 ferendo
1466 4491 1851 4561 studiosam,
1903 4509 2110 4554 unum
2158 4498 2461 4554 ornatum
2508 4509 2706 4555 suum
