3475 5200
1619 661 1622 668 ,
1703 606 2010 672 CXXVII.

1268 797 1876 883 Ndndorfeje'rvdr,
1927 801 2121 865 1417.
2169 803 2291 865 okt.
2338 801 2445 865 28.

741 961 1052 1013 Lazarevics
1089 961 1268 1012 Istvan
1305 961 1427 1012 πέει
1466 963 1722 1026 deszpota
1760 964 2074 1029 meghagyja
2106 979 2136 1013 a
2163 978 2317 1027 maga
2350 961 2579 1025 varosai5
2619 959 2891 1013 Szathmfir
2928 959 2990 1011 ἐς

739 1050 939 1103 Nemeti
985 1053 1310 1133 lakosainalr,
1371 1051 1517 1115 hogy
1562 1053 1828 1116 bizonyos
1887 1053 2167 1116 iigyekben
2213 1049 2475 1117 hozzajuk
2522 1052 2731 1102 kiildfitt
2776 1049 2989 1102 tarnok-

809 1141 1154 1204 mesterenek,
1193 1143 1457 1193 Remethei
1495 1139 1645 1192 Peter
1673 1144 1754 1204 fia,
1783 1139 2090 1203 Istvannak,
2132 1143 2452 1192 mindenben
2488 1142 2634 1193 hitelt
2672 1142 2913 1206 adjanak.

954 1286 1334 1369 Stephanus
1365 1288 1465 1350 dei
1493 1288 1699 1368 gratia
1727 1287 2048 1368 dezpotus
2074 1287 2342 1350 Rasscie
2374 1297 2494 1351 etc,
2519 1289 2764 1350 dilectis
2796 1288 2990 1350 nobis

739 1396 1059 1458 universis
1107 1402 1170 1457 et
1217 1396 1490 1475 singulis
1537 1395 1791 1457 civibus
1832 1413 1910 1456 ac
1951 1396 2210 1475 populis
2243 1404 2305 1458 et
2338 1396 2706 1475 hospitibus
2747 1395 2990 1457 nostris
3051 1381 3059 1386 ’

737 1503 820 1564 de
855 1503 1160 1566 Zathmar
1206 1511 1268 1564 et
1315 1503 1396 1564 de
1442 1501 1772 1581 Nemethy
1819 1505 2095 1564 salutem
2154 1521 2306 1565 cum
2370 1503 2726 1565 dilectione.
2771 1501 2989 1564 Nove-

740 1610 873 1671 ritis
930 1611 1261 1690 egregium
1321 1610 1582 1671 militem
1641 1610 2026 1688 magistrum
2083 1608 2492 1690 Stephanum
2560 1610 2765 1672 filium
2820 1609 2988 1671 Petri

740 1717 821 1778 de
863 1717 1173 1779 Remethe
1215 1718 1595 1795 magistrum
1635 1718 2113 1779 tavernicorum
2152 1713 2523 1780 nostrorum
2560 1735 2677 1797 pro
2720 1716 2989 1795 quibus—

737 1824 893 1886 dam
938 1823 1124 1886 factis
1172 1824 1409 1887 nostris
1451 1826 1514 1886 in
1546 1825 1834 1912 medium
1876 1826 2072 1886 vestri
2107 1824 2471 1888 destinasse
2504 1833 2566 1887 et
2597 1842 2747 1886 cum
2793 1824 2989 1904 plena

738 1931 952 1994 cordis
992 1933 1190 1994 nostri
1230 1932 1583 1994 intentione
1625 1932 1986 1998 informatis
2018 1933 2101 1993 ad
2134 1950 2257 1994 vos
2296 1932 2754 2009 transmisisse,
2797 1931 2987 1994 cuius

738 2040 953 2101 verbis
1009 2046 1070 2101 et
1135 2040 1321 2101 factis
1387 2039 1584 2101 fidem
1651 2040 1912 2101 credere
1980 2047 2043 2102 et
2106 2041 2412 2102 adhibere
2479 2040 2789 2134 debeatis,
2858 2038 2987 2119 Qui

737 2147 791 2210 si
840 2165 920 2209 ex
967 2148 1154 2209 vobis
1202 2148 1264 2208 in
1315 2147 1648 2227 premissis
1706 2151 1905 2209 secus
1962 2148 2202 2223 fecerit,
2261 2166 2343 2209 ex
2399 2154 2555 2210 tunc
2612 2147 2783 2209 idern
2840 2147 2986 2207 talis

737 2262 964 2317 contra
1027 2272 1150 2316 nos
1216 2256 1279 2316 in
1345 2255 1734 2317 infidelitatis
1800 2261 1957 2317 nota
2017 2255 2468 2334 obfuscabitur
2529 2273 2611 2316 eo
2676 2255 2871 2331 fact0,
2922 2261 2985 2314 et

737 2362 918 2424 aliud
955 2354 1022 2424 ⁸in
1068 2363 1401 2443 premissis
1450 2362 1661 2424 facere
1709 2380 1843 2424 non
1891 2364 2133 2424 ausuri.
2180 2362 2420 2424 Datum
2462 2362 2524 2424 in
2558 2362 2987 2424 ‘Albanandor
3042 2371 3049 2378 ’

739 2469 803 2531 in
853 2469 1019 2532 sesto
1068 2471 1408 2534 beatorum
1457 2468 1770 2549 Symonis
1819 2477 1881 2532 et
1927 2470 2090 2531 Jude
2129 2472 2597 2549 apostolorum,
2646 2487 2823 2532 anno
2872 2469 2984 2530 do-

738 2576 892 2639 mini
942 2578 1280 2641 millesimo
1328 2578 1965 2659 quadringentesimo
2014 2576 2268 2641 decimo
2315 2579 2613 2659 septimo.

505 2449 720 2515 *¹:¹3⁷—

511 2520 606 2562 okt.
635 2519 702 2564 28.

953 2734 1182 2798 Eredeti,
1220 2739 1386 2801 papir,
1424 2734 1561 2802 aljan
1599 2733 1951 2801 papirfolzetfi
1990 2735 2258 2801 pecsettel.
2298 2737 2369 2787 M.
2398 2736 2457 2788 N.
2490 2738 2558 2787 M.
2602 2735 2784 2800 Kallay
2823 2751 2896 2786 cs.
2927 2736 2982 2788 lt.

1691 3023 2027 3086 CXXVIII.

1263 3216 1874 3299 Ncindorfejeirvcir,
1925 3216 2120 3282 1417.
2173 3220 2294 3281 okt.
2342 3216 2448 3281 28.

739 3376 1045 3427 Lazarevics
1073 3375 1250 3428 Istvim
1276 3378 1395 3428 racz
1421 3378 1679 3442 deszpota
1704 3380 2019 3443 meghagyja
2046 3377 2494 3444 Nagybanyfinak,
2515 3394 2577 3429 az
2619 3376 2651 3428 ὅ
2674 3376 2984 3440 νότοεὲοαῑῑ,

736 3467 882 3531 hogy
901 3464 1346 3527 tarnokmesteret,
1371 3467 1628 3517 Remethei
1650 3466 1798 3517 Peter
1818 3466 1922 3530 fiat,
1948 3466 2164 3530 Istvitnt‚
2184 3484 2326 3533 vagy
2348 3469 2598 3520 embereit
2616 3454 2875 3518 Abraham
2902 3468 2986 3529 fia,

829 3556 1037 3618 Miklos,
1077 3554 1320 3606 szatmari
1358 3555 1542 3621 polgar
1576 3558 1823 3621 javainak
1862 3574 1893 3606 a
1928 3555 2342 3621 lesoglalasaban
2382 3573 2446 3608 ne
2485 3554 2894 3620 akadalyozzak.

952 3702 1329 3782 Stephanus
1394 3705 1495 3767 dei
1560 3705 1767 3782 gratia
1823 3705 2143 3785 dezpotus
2208 3705 2472 3767 Rasscie
2530 3711 2651 3766 etc.
2719 3702 2982 3766 Dilectis

738 3812 928 3873 nobis
1011 3811 1200 3873 iudici
1284 3818 1347 3872 et
1427 3812 1649 3876 iuratis
1727 3813 1978 3874 civibus
2055 3830 2134 3874 ac
2218 3813 2539 3875 universis
2616 3811 2982 3891 hospitibus

737 3920 974 3981 nostris
1031 3919 1112 3980 de
1168 3918 1812 3998 Rywlodominarum
1869 3920 2147 3981 salutem
2198 3901 2349 3981 cum
2406 3919 2763 3982 dilectione.
2822 3918 2983 3980 Ves-

738 4027 848 4087 tris
895 4027 1345 4088 dilectionibus
1392 4028 1656 4089 firmiter
1711 4028 2125 4107 precipiendo
2183 4029 2595 4105 mandamus,
2654 4034 2983 4105 quatenus

738 4134 959 4195 habita
1029 4118 1425 4213 presentium
1497 4136 1741 4211 notitia,
1816 4135 1973 4197 dum
2041 4143 2105 4198 et
2171 4136 2699 4215 quandocunque
2778 4143 2985 4197 stren-

737 4258 912 4303 nuus
960 4242 1144 4304 miles
1190 4242 1497 4321 magister
1542 4241 1920 4322 Stephanus
1979 4243 2149 4305 filius
2208 4242 2367 4304 Petri
2424 4242 2731 4321 magister
2777 4249 2984 4303 taver-

736 4349 1031 4409 nicorum
1099 4357 1470 4411 nostrorum
1535 4352 1638 4411 vel
1705 4351 2005 4412 homines
2080 4351 2376 4413 eiusdem
2441 4350 2674 4412 harum
2741 4349 2985 4411 scilicet

735 4455 1076 4517 exhibituri
1132 4458 1194 4517 in
1254 4457 1541 4519 medium
1588 4463 1804 4520 vestre
1844 4475 1961 4537 pro
2021 4457 2384 4520 arestandis
2447 4464 2512 4519 et
2564 4456 2985 4537 prohibendis

735 4563 933 4624 rebus
975 4572 1036 4626 et
1079 4564 1266 4625 banis
1313 4564 1559 4627 Nicolai
1610 4565 1717 4626 filii
1765 4552 2065 4628 Abrache
2113 4565 2271 4628 civis
2317 4566 2517 4627 nostri
2557 4566 2638 4626 de
2677 4563 2988 4627 Zathmar
