3475 5200
1399 363 1644 416 -329
1720 392 1786 402 —

466 601 614 646 rum
658 584 931 665 propriis
974 585 1213 647 nostris
1243 583 1577 647 laboribus
1608 590 1673 646 et
1704 583 2012 664 expensis
2058 601 2466 663 conservare,
2515 585 2717 647 immo

463 691 941 753 assummimus
1009 692 1242 754 harum
1310 698 1703 765 nostrarum,
1770 691 2011 771 quibus
2057 699 2383 755 secretum
2437 691 2715 772 sigillum

467 804 785 877 nostrum,
835 816 967 878 quo
1014 806 1089 862 ut
1133 817 1247 861 rex
1293 798 1625 878 Hungarie
1656 799 1916 877 utimur,
1950 806 2051 862 est
2080 817 2449 880 appensum
2498 799 2717 880 vigore

465 911 532 967 et
588 906 960 969 testimonio
1022 907 1377 969 litterarum
1443 906 1789 970 mediante.
1858 905 2099 969 Datum
2165 906 2370 984 Bude,
2419 907 2484 970 in
2548 907 2717 970 festo

466 1013 884 1076 sacratissimi
918 1014 1205 1095 corporis
1236 1013 1493 1091 Christi,
1519 1031 1697 1076 anno
1717 1015 2013 1077 eiusdem
2043 1014 2384 1078 millesimo
2407 1016 2717 1094 quingen-

466 1121 703 1184 tesimo
767 1123 1070 1202 septim0,
1138 1139 1486 1201 regnorum
1552 1129 1927 1185 nostrorum
1992 1122 2324 1201 Hungarie
2371 1129 2491 1184 etc.
2537 1139 2717 1185 annu

466 1228 724 1292 decimo
770 1230 1071 1310 septime,
1121 1229 1432 1292 Bohemie
1478 1246 1635 1291 vero
1680 1230 2008 1293 tricesimo
2056 1229 2354 1311 septimO.
2795 1221 2897 1265 ¹5³²

2761 1297 2861 1353 jt'm.
2885 1297 2925 1341 Β,

685 1386 898 1439 Bithori
937 1387 1116 1440 Istvan
1153 1387 1423 1440 nadornak
1468 1389 1618 1441 1522.
1659 1387 1883 1440 oktober
1924 1387 2077 1441 14-612
2115 1388 2356 1441 Futakon
2381 1390 2489 1440 kelt
2514 1384 2717 1438 §.tinta-

465 1478 592 1530 ban.
631 1476 855 1540 Eredeti‚
892 1480 1060 1545 papir,
1098 1475 1401 1545 ranyomott
1437 1477 1708 1544 pecsettel.
1750 1479 1820 1531 M.
1863 1478 1927 1532 Ο.
1968 1480 2028 1532 D.
2070 1479 2152 1529 L.:
2195 1479 2386 1531 24:347.
2428 1492 2503 1529 sz.

1474 1711 1749 1776 CDXLI.

1210 1889 1430 1968 Bada,
1478 1887 1676 1953 1507.
1716 1888 1875 1971 jan.
1927 1887 1987 1954 7.

465 2048 527 2099 11.
567 2046 780 2100 Uldszlo
817 2047 985 2115 kiraly
1018 2050 1265 2100 Kanizsai
1303 2048 1524 2115 Gyorgy
1549 2046 1609 2099 65
1645 2048 1824 2100 Csulai
1853 2047 2004 2102 Μότό
2029 2051 2251 2116 Gyiirgy
2275 2048 2721 2115 nandorfejervfixi

1068 2136 1304 2190 benokat
1340 2154 1472 2191 ezen
1509 2137 1712 2191 allesuk
1749 2138 1854 2190 2161
1890 2139 2147 2192 solmonti.

682 2302 823 2368 Nos
868 2303 1270 2367 Wladislaus
1333 2302 1434 2367 dei
1496 2303 1701 2384 gratia
1746 2321 1861 2367 rex
1925 2302 2258 2384 Hungarie
2304 2310 2368 2367 et
2412 2302 2721 2367 Bohemie

471 2416 598 2472 etc.
667 2410 1228 2490 Recognoscimus
1272 2428 1388 2491 per
1449 2417 1809 2491 presenteS,
1866 2410 2047 2492 quod
2111 2411 2265 2492 quia
2329 2410 2717 2491 magnificus

471 2516 796 2598 Georgius
841 2518 925 2580 de
956 2517 1228 2601 Kanysa
1257 2526 1321 2581 et
1351 2519 1508 2581 alter
1540 2519 1842 2600 egregius
1875 2520 2162 2583 condam
2191 2518 2514 2600 Georgius
2542 2517 2721 2581 More

474 2624 557 2687 de
606 2624 839 2688 Chwla
884 2627 1035 2688 bani
1081 2627 1283 2689 nostri
1331 2625 1909 2691 Nandoralbenses
1955 2630 2042 2690 ab
2089 2627 2194 2691 illo
2251 2633 2546 2707 tempore
2590 2644 2725 2706 qut]

475 2731 722 2795 dictum
770 2733 1090 2797 banatum
1144 2742 1446 2798 nostrum
1493 2752 1611 2815 pro
1658 2735 2018 2799 officiolatu
2063 2754 2105 2798 a
2151 2734 2344 2798 nobis
2390 2733 2474 2797 de
2528 2734 2721 2797 bene-

469 2840 707 2919 placito
755 2848 980 2905 nostro
1028 2848 1375 2905 tenuerunt
1422 2849 1487 2904 et
1534 2843 1951 2923 possiderunt
1983 2860 2177 2905 suma
2207 2860 2361 2905 cum
2403 2840 2725 2905 fidelitatis

466 2949 838 3011 constantia
881 2948 946 3011 in
993 2949 1247 3011 cunctis
1292 2949 1534 3012 nostris
1581 2949 1856 3012 servitiis
1887 2948 2219 3012 affuerunt
2250 2956 2314 3012 et
2343 2948 2721 3022 servierunt,

469 3063 662 3135 prout
724 3055 946 3136 probis
1008 3056 1162 3119 viris
1221 3056 1397 3118 licuit
1441 3057 1508 3118 in
1558 3057 1869 3120 omnibus
1939 3056 2438 3137 exequentibus,
2507 3055 2721 3135 ipsum

475 3180 742 3244 quoque
787 3163 1104 3227 banatum
1130 3164 1323 3227 simul
1358 3182 1514 3227 cum
1538 3164 1769 3227 castris
1809 3163 2366 3240 Nandoralbense,
2413 3161 2721 3242 Zemplen

477 3287 738 3333 necnon
768 3269 1234 3348 Zalonkemen‚
1276 3271 1512 3350 pariter
1542 3289 1695 3333 cum
1726 3273 2141 3351 provisoratu
2186 3269 2721 3333 Nandoralbense

470 3395 551 3439 ac
598 3377 937 3440 tricesimis
984 3378 1336 3441 simulcum
1368 3379 1678 3441 omnibus
1723 3378 2144 3458 pertinentiis,
2193 3378 2725 3458 qualitercunque

472 3484 558 3546 ad
603 3484 872 3547 easdem
918 3485 1369 3565 spectantibus
1408 3487 1644 3566 quovis
1691 3485 1976 3549 nominis
2019 3486 2347 3548 vocabulo
2402 3483 2721 3558 vocitati5‚

473 3609 604 3671 que
651 3591 975 3655 hactenus
1021 3591 1142 3673 ipsi
1188 3592 1552 3656 tenuissent
1582 3600 1646 3656 et
1684 3593 2158 3673 possedissent,
2188 3592 2349 3654 dum
2377 3592 2464 3655 ab
2490 3592 2721 3655 eodem

471 3698 758 3779 Georgio
809 3699 892 3762 de
943 3699 1217 3782 Kanysa
1262 3707 1521 3763 mortuo
1563 3718 1829 3781 quoque
1866 3699 2120 3779 prefato
2179 3699 2461 3779 Georgio
2520 3698 2721 3774 More,

469 3806 742 3870 domina
760 3803 1117 3871 Katherina
1142 3809 1361 3871 relicta
1381 3825 1642 3871 necnon
1669 3807 1972 3871 Ladislao
1997 3814 2061 3870 et
2086 3805 2369 3887 Georgio
2393 3807 2539 3870 filiis
2558 3806 2721 3868 eius-

474 3913 625 3976 dem
656 3912 915 3995 Georgii
948 3915 1132 3978 More
1182 3916 1495 3980 rehabere
1536 3922 1602 3978 et
1628 3912 1825 3979 nobis
1873 3914 2182 3995 resignari
2223 3914 2552 3979 voluimus
2581 3933 2721 3995 pre-

471 4022 786 4103 scriptum
832 4023 1150 4086 banatum
1196 4023 1547 4087 simulcum
1591 4023 1985 4106 prenarratis
2031 4022 2261 4086 castris
2298 4021 2725 4101 eiusdemque

469 4127 889 4209 pertinentiiS,
922 4147 1183 4193 necnon
1214 4130 1628 4212 provisoratu
1675 4137 1740 4193 et
1787 4129 2127 4193 tricesimis
2174 4127 2259 4191 ad
2301 4128 2721 4208 easdemque,

471 4241 545 4299 ut
591 4236 989 4316 premissum
1035 4244 1155 4317 est,
1205 4238 1654 4319 spectantibus
1702 4237 1944 4317 quibus
1980 4235 2100 4317 ipsi
2127 4236 2524 4316 prefuissent
2569 4236 2725 4298 fide-

471 4341 611 4405 liter
641 4342 942 4424 iusteque
971 4351 1036 4407 et
1065 4351 1383 4424 tanquam
1428 4343 1615 4425 probi
1659 4345 2080 4408 restituerunt
2119 4350 2185 4406 et
2211 4344 2721 4423 resignaverunt,

470 4466 673 4531 super
718 4467 1000 4529 quorum
1044 4451 1328 4516 banatus
1374 4469 1634 4516 necnon
1691 4452 2196 4534 prescriptorum
2252 4458 2614 4514 castrorum
2665 4466 2721 4514 ττι

470 4557 872 4639 pertinentiis
896 4559 1212 4638 eiusdem,
1260 4577 1341 4622 ac
1370 4560 1821 4640 provisoratus
1851 4567 1928 4623 et.
1942 4559 2279 4625 tricesimis
2303 4559 2721 4626 restitutione,
