3475 5200
1649 324 2044 377 —192—

721 544 962 623 peritos
1008 543 1073 605 in
1119 543 1243 622 hiS,
1291 543 1401 623 qui
1450 543 1589 606 illas
1635 561 1837 607 nosse
1883 551 1946 607 et
1991 545 2333 624 purificare
2365 545 2593 622 sciant,
2641 562 2759 608 sex
2796 546 2971 607 viros

720 650 1211 731 expertissimos
1273 668 1357 713 ex
1402 651 1635 713 vestris
1681 650 1768 714 ad
1816 668 1941 714 nos
1989 651 2267 714 mitterre
2313 652 2541 730 velitis,
2607 652 2716 731 qui
2763 669 2971 714 venas

720 758 898 836 ipsas
961 756 1130 820 bene
1195 759 1427 832 norint,
1490 776 1737 838 easque
1784 759 2125 838 purificare
2189 759 2276 821 ad
2334 775 2626 839 unguem
2674 760 2967 821 calleant.

720 862 935 944 Super
963 863 1093 927 hoc
1122 865 1387 944 negotio
1434 867 1614 945 quod
1645 865 1838 929 nobis
1868 866 2229 930 admodum
2276 867 2453 930 cordi
2488 872 2609 945 est,
2652 866 2970 932 mittimus

720 972 784 1034 in
831 973 1305 1052 presentiarum
1372 972 1458 1034 ad
1513 990 1638 1036 vos
1706 973 2012 1036 dilectum
2059 973 2441 1037 familiarem
2488 979 2783 1040 nostrum
2829 972 2971 1035 Rai-

720 1078 988 1141 naldum
1034 1079 1116 1142 de
1164 1079 1439 1142 Lishout
1487 1081 1568 1142 de
1616 1079 1937 1158 Bruxella,
2002 1081 2254 1161 placeat
2298 1081 2487 1156 vobis
2551 1098 2705 1145 eum
2770 1098 2968 1159 quam

719 1186 1000 1265 primum
1064 1186 1369 1268 expedire
1433 1193 1497 1250 et
1559 1188 1644 1250 ad
1710 1205 1837 1251 nos
1901 1206 2052 1251 cum
2114 1188 2379 1268 prefatis
2422 1206 2542 1251 sex
2586 1188 2736 1251 viris
2800 1188 2971 1251 otius

720 1292 1059 1357 remittere.
1107 1292 1247 1358 Erit
1292 1294 1466 1358 enim
1514 1312 1618 1358 τω
1673 1294 1865 1358 nobis
1927 1294 2296 1376 gratissima
2340 1295 2406 1358 in
2450 1294 2747 1358 beneficii
2810 1296 2969 1358 satis

719 1401 938 1481 magni
984 1402 1133 1465 loco
1179 1421 1221 1465 a
1267 1401 1455 1466 vobis
1502 1418 1617 1482 per
1664 1419 1789 1465 nos
1835 1401 2158 1470 habenda.
2206 1401 2293 1465 Et
2336 1403 2394 1467 si
2440 1403 2597 1484 quid
2628 1420 2711 1466 ex
2752 1404 2967 1483 regnis

719 1515 784 1570 et
827 1509 1011 1572 terris
1076 1510 1316 1572 nostris
1361 1509 1552 1572 vobis
1616 1510 1929 1589 placuerit
1982 1526 2063 1572 ea
2120 1509 2311 1573 nobis
2374 1509 2735 1591 significata
2780 1509 2968 1572 vobis

720 1615 1005 1696 impendi
1069 1618 1198 1680 leto
1262 1617 1486 1681 animo
1543 1618 1941 1680 curabimus,
2011 1617 2252 1687 Datum
2316 1618 2382 1681 in
2448 1619 2714 1681 castello
2774 1616 2967 1682 Novo

719 1720 1030 1801 Neapolis
1075 1723 1180 1787 die
1209 1723 1440 1788 XXVI.
1476 1725 1722 1788 mensis
1769 1725 1987 1804 aprilis
2019 1742 2194 1788 anno
2225 1725 2468 1790 domini
2515 1723 2965 1790 MCCCCLV.

2354 1868 2492 1932 Rex
2537 1868 2875 1932 AlsonsuS.

931 2027 1254 2091 Dominus
1302 2046 1414 2092 rex
1464 2030 1799 2092 mandavit
1845 2028 1999 2093 mihi
2048 2030 2336 2093 Amaldo
2385 2027 2756 2092 Fonolleda.

952 2136 1144 2198 Alul:
1209 2136 1643 2201 Illustrissimo
1690 2137 1956 2217 principi
2005 2137 2289 2217 Georgio
2336 2137 2514 2217 regni
2562 2135 2790 2198 Rascie
2837 2134 2965 2196 dis·

715 2251 895 2323 pot0,
943 2243 1215 2307 Albanie
1263 2245 1528 2308 domino
1575 2262 1707 2310 ecc=
1760 2245 1973 2307 amico
2021 2251 2246 2308 nostro
2294 2244 2645 2307 carissimo,

929 2384 1229 2437 Barcelona.
1265 2384 1313 2435 T
1313 2383 1551 2452 halloczy
1591 2384 1646 2435 L.
1687 2381 1854 2452 gyfijt.

1680 2601 2007 2665 chvn.

1439 2762 1649 2845 Gy5r‚
1695 2761 1896 2826 1455.
1935 2761 2087 2846 jan.
2132 2761 2241 2826 21.

716 2921 1028 2989 Kapisztrfin
1068 2922 1230 2975 Janos
1267 2925 1433 2975 levele
1472 2924 1556 2975 111.
1583 2922 1755 2974 Calixt
1784 2921 2046 2989 papdhoz,
2085 2923 2328 2988 melyben
2358 2923 2577 2986 tudatja‚
2614 2923 2760 2987 hogy
2788 2938 2821 2971 a
2844 2918 2965 2972 racz

714 3011 1049 3079 deszpotfitol
1087 3028 1118 3063 a
1154 3028 1374 3079 magyar
1431 3014 1665 3066 urakhoz
1724 3011 1930 3079 segelyt
1976 3010 2099 3063 kero
2138 3014 2300 3063 kovet
2335 3009 2583 3075 erkezett,
2623 3012 2897 3077 minthogy
2936 3026 2969 3061 a

715 3103 940 3154 torokok
997 3100 1431 3167 Raczorszagnak
1490 3098 1721 3168 anitolag
1759 3100 2020 3154 evenirent
2064 3102 2291 3164 120,000
2327 3105 2545 3166 aranyat
2580 3099 2968 3165 jbvedelmezti,

714 3192 1112 3258 leggazdagabb
1179 3191 1585 3258 banyavarosat,
1640 3192 2020 3243 Novo-Brodot
2095 3190 2413 3256 elfoglalttlk.
2482 3190 2671 3241 Jelenti
2739 3188 2975 3241 toviibbfi

715 3282 964 3346 Hunyadi
1000 3280 1166 3333 Janos
1203 3279 1376 3333 abbeli
1414 3279 1647 3347 igereteg
1686 3285 1833 3346 hogy
1858 3297 1892 3332 ει
1926 3282 2081 3333 torok
2120 3281 2254 3332 elien
2277 3278 2413 3345 sajat
2447 3277 2723 3345 koltsegen
2756 3279 2966 3340 10‚000‚

716 3386 747 3421 a
798 3386 1015 3437 magyar
1070 3370 1235 3437 kiraly
1275 3373 1470 3432 20‚000
1524 3371 1715 3434 lovast,
1773 3389 1805 3422 a
1860 3366 1981 3423 τοῖσι
2019 3373 2280 3437 deszpota
2316 3373 2682 3435 szorongatott
2724 3368 2966 3434 helyzete

715 3459 939 3513 ὁππότε.
981 3462 1172 3524 10,000
1227 3463 1528 3527 fegyverest
1581 3459 1777 3512 keszek
1816 3456 2082 3523 malfitani,
2139 3459 2386 3526 Hunyadi
2423 3458 2586 3510 simos
2629 3461 2790 3524 pedig
2826 3472 2965 3509 azon

714 3554 899 3613 esetre,
956 3552 1026 3601 ha
1062 3555 1362 3616 egyetemes
1407 3552 1509 3616 liga
1566 3550 1756 3613 alakul,
1813 3551 2151 3616 fogadkozik,
2208 3553 2351 3615 hogy
2388 3549 2570 3601 hirom
2624 3548 2803 3613 honap
2842 3548 2967 3598 alatt

714 3635 856 3689 kifizi
893 3655 925 3690 a
960 3641 1175 3691 torokot
1213 3639 1532 3706 Europitbol,
1591 3639 1677 3691 sot
1714 3659 1746 3692 a
1784 3641 2058 3692 Szentfiild
2098 3638 2500 3692 visszavetelere
2546 3641 2593 3690 is
2630 3637 2960 3689 vallalkozik.

931 3765 1222 3834 Wadding:
1263 3769 1322 3819 A.
1361 3768 1431 3818 Μ.
1472 3765 1583 3819 XII.
1623 3768 1923 3819 252-254.

1657 3983 2017 4048 CCLVHL

1444 4145 1660 4225 Bada,
1710 4144 1906 4210 1455.
1945 4142 2075 4226 jaz.
2121 4142 2227 4208 21.

711 4309 752 4357 A
801 4322 1019 4373 magyar
1070 4308 1268 4359 rendek
1321 4304 1558 4371 tudatjak
1611 4305 1695 4358 111.
1739 4304 1911 4357 Calixt
1964 4302 2209 4371 papaval,
2263 4306 2409 4371 hogy
2454 4319 2487 4355 a
2530 4302 2760 4354 torbkbk
2801 4300 2953 4352 Βάσι-

1092 4395 1344 4461 οτειὰςοῐ
1381 4393 1802 4461 megtamadvam
1841 4393 2142 4460 elroglaltiak
2180 4392 2574 4449 Novo-Brodot.

926 4522 1215 4587 Wadding:
1254 4524 1313 4574 A.
1354 4522 1424 4575 Μ.
1463 4522 1573 4574 xn.
1613 4523 1912 4573 254—255.
