<?xml version="1.0" encoding="UTF-8"?>
<!DOCTYPE html PUBLIC "-//W3C//DTD XHTML 1.0 Transitional//EN"
    "http://www.w3.org/TR/xhtml1/DTD/xhtml1-transitional.dtd">
<html xmlns="http://www.w3.org/1999/xhtml" xml:lang="en" lang="en">
 <head>
  <title>
</title>
<meta http-equiv="Content-Type" content="text/html;charset=utf-8" />
  <meta name='ocr-system' content='tesseract 3.04.00' />
  <meta name='ocr-capabilities' content='ocr_page ocr_carea ocr_par ocr_line ocrx_word'/>
</head>
<body>
  <div class='ocr_page' id='page_1' title='image "./codexdiplomatic00horvgoog/codexdiplomatic00horvgoog_0299.png"; bbox 0 0 3475 5200; ppageno 0'>
   <div class='ocr_carea' id='block_1_1' title="bbox 1382 363 1774 417">
    <p class='ocr_par' dir='ltr' id='par_1_1' title="bbox 1382 363 1774 417">
     <span class='ocr_line' id='line_1_1' title="bbox 1382 363 1774 417; baseline 0.003 -1"><span class='ocrx_word' id='word_1_1' title='bbox 1382 363 1774 417; x_wconf 76' lang='lat'>-167—</span> 
     </span>
    </p>
   </div>
   <div class='ocr_carea' id='block_1_2' title="bbox 437 583 2704 4642">
    <p class='ocr_par' dir='ltr' id='par_1_2' title="bbox 437 583 2704 4642">
     <span class='ocr_line' id='line_1_2' title="bbox 450 583 2698 666; baseline -0.002 -15"><span class='ocrx_word' id='word_1_2' title='bbox 450 605 608 652; x_wconf 91' lang='lat' dir='ltr'>cum</span> <span class='ocrx_word' id='word_1_3' title='bbox 653 585 983 650; x_wconf 79' lang='lat' dir='ltr'>nonnullis</span> <span class='ocrx_word' id='word_1_4' title='bbox 1045 585 1185 648; x_wconf 91' lang='lat' dir='ltr'>suis</span> <span class='ocrx_word' id='word_1_5' title='bbox 1249 583 1677 666; x_wconf 89' lang='lat' dir='ltr'>complicibus</span> <span class='ocrx_word' id='word_1_6' title='bbox 1740 584 2038 648; x_wconf 88' lang='lat' dir='ltr'>videlicet</span> <span class='ocrx_word' id='word_1_7' title='bbox 2092 583 2393 649; x_wconf 88' lang='lat' dir='ltr'>Ladislao</span> <span class='ocrx_word' id='word_1_8' title='bbox 2439 584 2698 666; x_wconf 88' lang='lat' dir='ltr'>Vngay‚</span> 
     </span>
     <span class='ocr_line' id='line_1_3' title="bbox 453 691 2700 773; baseline -0.002 -15"><span class='ocrx_word' id='word_1_9' title='bbox 453 693 717 758; x_wconf 88' lang='lat' dir='ltr'>Thoma</span> <span class='ocrx_word' id='word_1_10' title='bbox 735 693 1004 771; x_wconf 77' lang='lat' dir='ltr'>FarkaS,</span> <span class='ocrx_word' id='word_1_11' title='bbox 1026 692 1360 756; x_wconf 89' lang='lat' dir='ltr'>Anthonio</span> <span class='ocrx_word' id='word_1_12' title='bbox 1380 691 1628 755; x_wconf 84' lang='lat' dir='ltr'>literato</span> <span class='ocrx_word' id='word_1_13' title='bbox 1654 699 1718 758; x_wconf 91' lang='lat' dir='ltr'>et</span> <span class='ocrx_word' id='word_1_14' title='bbox 1748 691 2049 755; x_wconf 91' lang='lat' dir='ltr'>Johanne</span> <span class='ocrx_word' id='word_1_15' title='bbox 2072 691 2306 773; x_wconf 83' lang='lat' dir='ltr'>Balthy</span> <span class='ocrx_word' id='word_1_16' title='bbox 2337 699 2401 756; x_wconf 93' lang='lat' dir='ltr'>et</span> <span class='ocrx_word' id='word_1_17' title='bbox 2432 692 2700 755; x_wconf 89' lang='lat' dir='ltr'>familia-</span> 
     </span>
     <span class='ocr_line' id='line_1_4' title="bbox 451 797 2700 880; baseline -0 -16"><span class='ocrx_word' id='word_1_18' title='bbox 451 803 650 880; x_wconf 77' lang='lat' dir='ltr'>ribUS,</span> <span class='ocrx_word' id='word_1_19' title='bbox 698 801 965 864; x_wconf 88' lang='lat' dir='ltr'>armatis</span> <span class='ocrx_word' id='word_1_20' title='bbox 1012 800 1317 864; x_wconf 86' lang='lat' dir='ltr'>manibus</span> <span class='ocrx_word' id='word_1_21' title='bbox 1366 808 1430 863; x_wconf 92' lang='lat' dir='ltr'>et</span> <span class='ocrx_word' id='word_1_22' title='bbox 1463 797 1863 880; x_wconf 77' lang='lat' dir='ltr'>potentiariis</span> <span class='ocrx_word' id='word_1_23' title='bbox 1892 799 1978 861; x_wconf 91' lang='lat' dir='ltr'>ad</span> <span class='ocrx_word' id='word_1_24' title='bbox 2011 799 2284 862; x_wconf 90' lang='lat' dir='ltr'>domum</span> <span class='ocrx_word' id='word_1_25' title='bbox 2313 807 2376 863; x_wconf 89' lang='lat' dir='ltr'>et</span> <span class='ocrx_word' id='word_1_26' title='bbox 2410 805 2700 864; x_wconf 84' lang='lat' dir='ltr'><strong>castrum</strong></span> 
     </span>
     <span class='ocr_line' id='line_1_5' title="bbox 451 906 2699 989; baseline -0.001 -17"><span class='ocrx_word' id='word_1_27' title='bbox 451 908 714 989; x_wconf 83' lang='lat' dir='ltr'>Thalya</span> <span class='ocrx_word' id='word_1_28' title='bbox 776 908 926 971; x_wconf 91' lang='lat' dir='ltr'>dicti</span> <span class='ocrx_word' id='word_1_29' title='bbox 993 908 1237 971; x_wconf 91' lang='lat' dir='ltr'>domini</span> <span class='ocrx_word' id='word_1_30' title='bbox 1304 907 1561 988; x_wconf 91' lang='lat' dir='ltr'>dezpoti</span> <span class='ocrx_word' id='word_1_31' title='bbox 1627 907 1993 988; x_wconf 90' lang='lat' dir='ltr'>predictum</span> <span class='ocrx_word' id='word_1_32' title='bbox 2069 907 2405 986; x_wconf 82' lang='lat' dir='ltr'>irruenteS,</span> <span class='ocrx_word' id='word_1_33' title='bbox 2482 906 2699 987; x_wconf 77' lang='lat' dir='ltr'>ibique</span> 
     </span>
     <span class='ocr_line' id='line_1_6' title="bbox 453 1013 2699 1102; baseline -0.001 -23"><span class='ocrx_word' id='word_1_34' title='bbox 453 1016 609 1079; x_wconf 89' lang='lat' dir='ltr'>nihil</span> <span class='ocrx_word' id='word_1_35' title='bbox 655 1017 951 1078; x_wconf 89' lang='lat' dir='ltr'>valentes</span> <span class='ocrx_word' id='word_1_36' title='bbox 996 1021 1060 1077; x_wconf 92' lang='lat' dir='ltr'>et</span> <span class='ocrx_word' id='word_1_37' title='bbox 1108 1014 1523 1095; x_wconf 88' lang='lat' dir='ltr'>proficientes</span> <span class='ocrx_word' id='word_1_38' title='bbox 1570 1013 1837 1078; x_wconf 86' lang='lat' dir='ltr'>tandem</span> <span class='ocrx_word' id='word_1_39' title='bbox 1871 1013 1957 1102; x_wconf 77' lang='lat' dir='ltr'>ad</span> <span class='ocrx_word' id='word_1_40' title='bbox 1986 1015 2481 1095; x_wconf 90' lang='lat' dir='ltr'>possessionem</span> <span class='ocrx_word' id='word_1_41' title='bbox 2531 1014 2699 1077; x_wconf 90' lang='lat' dir='ltr'>eius·</span> 
     </span>
     <span class='ocr_line' id='line_1_7' title="bbox 451 1120 2697 1202; baseline -0.001 -15"><span class='ocrx_word' id='word_1_42' title='bbox 451 1123 604 1187; x_wconf 90' lang='lat' dir='ltr'>dem</span> <span class='ocrx_word' id='word_1_43' title='bbox 624 1123 868 1186; x_wconf 91' lang='lat' dir='ltr'>domini</span> <span class='ocrx_word' id='word_1_44' title='bbox 891 1121 1147 1202; x_wconf 91' lang='lat' dir='ltr'>dezpoti</span> <span class='ocrx_word' id='word_1_45' title='bbox 1168 1120 1365 1184; x_wconf 92' lang='lat' dir='ltr'>Maad</span> <span class='ocrx_word' id='word_1_46' title='bbox 1393 1128 1698 1184; x_wconf 89' lang='lat' dir='ltr'>vocatam</span> <span class='ocrx_word' id='word_1_47' title='bbox 1741 1121 2079 1185; x_wconf 87' lang='lat' dir='ltr'>venientes</span> <span class='ocrx_word' id='word_1_48' title='bbox 2125 1120 2339 1201; x_wconf 82' lang='lat' dir='ltr'>ibique</span> <span class='ocrx_word' id='word_1_49' title='bbox 2368 1122 2697 1202; x_wconf 82' lang='lat' dir='ltr'><strong>quendam</strong></span> 
     </span>
     <span class='ocr_line' id='line_1_8' title="bbox 454 1226 2699 1310; baseline 0 -17"><span class='ocrx_word' id='word_1_50' title='bbox 454 1230 739 1293; x_wconf 91' lang='lat' dir='ltr'>nobilem</span> <span class='ocrx_word' id='word_1_51' title='bbox 784 1229 1153 1293; x_wconf 90' lang='lat' dir='ltr'>Johannem</span> <span class='ocrx_word' id='word_1_52' title='bbox 1199 1228 1282 1291; x_wconf 91' lang='lat' dir='ltr'>de</span> <span class='ocrx_word' id='word_1_53' title='bbox 1328 1226 1593 1292; x_wconf 90' lang='lat' dir='ltr'>Endred</span> <span class='ocrx_word' id='word_1_54' title='bbox 1625 1228 2005 1291; x_wconf 82' lang='lat' dir='ltr'>familiarem</span> <span class='ocrx_word' id='word_1_55' title='bbox 2043 1229 2336 1308; x_wconf 90' lang='lat' dir='ltr'>ipsorum</span> <span class='ocrx_word' id='word_1_56' title='bbox 2369 1246 2699 1310; x_wconf 89' lang='lat' dir='ltr'>exponen·</span> 
     </span>
     <span class='ocr_line' id='line_1_9' title="bbox 449 1335 2702 1416; baseline -0 -16"><span class='ocrx_word' id='word_1_57' title='bbox 449 1339 614 1401; x_wconf 88' lang='lat' dir='ltr'>tium</span> <span class='ocrx_word' id='word_1_58' title='bbox 661 1337 811 1400; x_wconf 88' lang='lat' dir='ltr'>diris</span> <span class='ocrx_word' id='word_1_59' title='bbox 858 1336 1144 1400; x_wconf 92' lang='lat' dir='ltr'>verberis</span> <span class='ocrx_word' id='word_1_60' title='bbox 1192 1342 1255 1398; x_wconf 92' lang='lat' dir='ltr'>et</span> <span class='ocrx_word' id='word_1_61' title='bbox 1299 1337 1642 1399; x_wconf 89' lang='lat' dir='ltr'>vulnerum</span> <span class='ocrx_word' id='word_1_62' title='bbox 1687 1335 1918 1416; x_wconf 82' lang='lat' dir='ltr'>plagiis</span> <span class='ocrx_word' id='word_1_63' title='bbox 1964 1335 2339 1400; x_wconf 85' lang='lat' dir='ltr'>affecissent</span> <span class='ocrx_word' id='word_1_64' title='bbox 2383 1343 2448 1399; x_wconf 89' lang='lat' dir='ltr'>et</span> <span class='ocrx_word' id='word_1_65' title='bbox 2492 1337 2702 1400; x_wconf 90' lang='lat' dir='ltr'>sauci·</span> 
     </span>
     <span class='ocr_line' id='line_1_10' title="bbox 451 1442 2701 1525; baseline -0 -16"><span class='ocrx_word' id='word_1_66' title='bbox 451 1453 700 1524; x_wconf 87' lang='lat' dir='ltr'>assent,</span> <span class='ocrx_word' id='word_1_67' title='bbox 750 1445 874 1507; x_wconf 87' lang='lat' dir='ltr'>hiis</span> <span class='ocrx_word' id='word_1_68' title='bbox 928 1451 1151 1507; x_wconf 89' lang='lat' dir='ltr'>autem</span> <span class='ocrx_word' id='word_1_69' title='bbox 1206 1460 1341 1506; x_wconf 91' lang='lat' dir='ltr'>non</span> <span class='ocrx_word' id='word_1_70' title='bbox 1401 1442 1687 1506; x_wconf 89' lang='lat' dir='ltr'>contenti</span> <span class='ocrx_word' id='word_1_71' title='bbox 1747 1442 2092 1506; x_wconf 91' lang='lat' dir='ltr'>universos</span> <span class='ocrx_word' id='word_1_72' title='bbox 2150 1443 2401 1507; x_wconf 87' lang='lat' dir='ltr'>fructus</span> <span class='ocrx_word' id='word_1_73' title='bbox 2446 1453 2511 1508; x_wconf 90' lang='lat' dir='ltr'>et</span> <span class='ocrx_word' id='word_1_74' title='bbox 2557 1462 2701 1525; x_wconf 94' lang='lat' dir='ltr'>pro-</span> 
     </span>
     <span class='ocr_line' id='line_1_11' title="bbox 452 1548 2699 1633; baseline 0 -18"><span class='ocrx_word' id='word_1_75' title='bbox 452 1560 690 1617; x_wconf 90' lang='lat' dir='ltr'>ventus</span> <span class='ocrx_word' id='word_1_76' title='bbox 736 1552 889 1615; x_wconf 89' lang='lat' dir='ltr'>anni</span> <span class='ocrx_word' id='word_1_77' title='bbox 938 1552 1257 1633; x_wconf 90' lang='lat' dir='ltr'>presentis</span> <span class='ocrx_word' id='word_1_78' title='bbox 1305 1551 1454 1614; x_wconf 91' lang='lat' dir='ltr'>dicti</span> <span class='ocrx_word' id='word_1_79' title='bbox 1502 1550 1695 1613; x_wconf 88' lang='lat' dir='ltr'>castri</span> <span class='ocrx_word' id='word_1_80' title='bbox 1727 1555 1795 1613; x_wconf 93' lang='lat' dir='ltr'>et</span> <span class='ocrx_word' id='word_1_81' title='bbox 1820 1548 2351 1630; x_wconf 85' lang='lat' dir='ltr'>pertinentiarum</span> <span class='ocrx_word' id='word_1_82' title='bbox 2383 1552 2699 1631; x_wconf 88' lang='lat' dir='ltr'>eiusdem,</span> 
     </span>
     <span class='ocr_line' id='line_1_12' title="bbox 453 1658 2702 1723; baseline 0 -1"><span class='ocrx_word' id='word_1_83' title='bbox 453 1660 746 1723; x_wconf 91' lang='lat' dir='ltr'>videlicet</span> <span class='ocrx_word' id='word_1_84' title='bbox 775 1660 1114 1722; x_wconf 77' lang='lat' dir='ltr'>‚ducentos</span> <span class='ocrx_word' id='word_1_85' title='bbox 1160 1658 1446 1721; x_wconf 87' lang='lat' dir='ltr'>florenos</span> <span class='ocrx_word' id='word_1_86' title='bbox 1492 1658 1630 1719; x_wconf 88' lang='lat' dir='ltr'>auri</span> <span class='ocrx_word' id='word_1_87' title='bbox 1679 1659 1766 1719; x_wconf 89' lang='lat' dir='ltr'>ab</span> <span class='ocrx_word' id='word_1_88' title='bbox 1813 1659 2047 1722; x_wconf 92' lang='lat' dir='ltr'>eodem</span> <span class='ocrx_word' id='word_1_89' title='bbox 2075 1659 2376 1722; x_wconf 89' lang='lat' dir='ltr'>Johanne</span> <span class='ocrx_word' id='word_1_90' title='bbox 2408 1659 2702 1723; x_wconf 89' lang='lat' dir='ltr'>familiari</span> 
     </span>
     <span class='ocr_line' id='line_1_13' title="bbox 454 1766 2701 1849; baseline 0 -18"><span class='ocrx_word' id='word_1_91' title='bbox 454 1767 750 1849; x_wconf 87' lang='lat' dir='ltr'>ipsorum</span> <span class='ocrx_word' id='word_1_92' title='bbox 806 1767 1277 1848; x_wconf 86' lang='lat' dir='ltr'>exponentium</span> <span class='ocrx_word' id='word_1_93' title='bbox 1334 1766 1760 1830; x_wconf 87' lang='lat' dir='ltr'>abstulissent</span> <span class='ocrx_word' id='word_1_94' title='bbox 1816 1773 1880 1829; x_wconf 91' lang='lat' dir='ltr'>et</span> <span class='ocrx_word' id='word_1_95' title='bbox 1937 1773 2388 1848; x_wconf 83' lang='lat' dir='ltr'>asportassent</span> <span class='ocrx_word' id='word_1_96' title='bbox 2444 1786 2523 1831; x_wconf 93' lang='lat' dir='ltr'>ac</span> <span class='ocrx_word' id='word_1_97' title='bbox 2569 1785 2701 1848; x_wconf 92' lang='lat' dir='ltr'>quo</span> 
     </span>
     <span class='ocr_line' id='line_1_14' title="bbox 458 1874 2699 1957; baseline 0 -20"><span class='ocrx_word' id='word_1_98' title='bbox 458 1892 686 1938; x_wconf 90' lang='lat' dir='ltr'>eorum</span> <span class='ocrx_word' id='word_1_99' title='bbox 742 1875 1095 1956; x_wconf 89' lang='lat' dir='ltr'>placuisset</span> <span class='ocrx_word' id='word_1_100' title='bbox 1150 1875 1467 1937; x_wconf 88' lang='lat' dir='ltr'>voluntati</span> <span class='ocrx_word' id='word_1_101' title='bbox 1527 1874 1838 1938; x_wconf 88' lang='lat' dir='ltr'>fecissent</span> <span class='ocrx_word' id='word_1_102' title='bbox 1896 1876 2186 1957; x_wconf 91' lang='lat' dir='ltr'>potentia</span> <span class='ocrx_word' id='word_1_103' title='bbox 2251 1877 2579 1940; x_wconf 88' lang='lat' dir='ltr'>mediante</span> <span class='ocrx_word' id='word_1_104' title='bbox 2634 1875 2699 1938; x_wconf 90' lang='lat' dir='ltr'>in</span> 
     </span>
     <span class='ocr_line' id='line_1_15' title="bbox 455 1982 2700 2064; baseline 0 -20"><span class='ocrx_word' id='word_1_105' title='bbox 455 1983 880 2062; x_wconf 89' lang='lat' dir='ltr'>preiudicium</span> <span class='ocrx_word' id='word_1_106' title='bbox 929 1990 993 2045; x_wconf 91' lang='lat' dir='ltr'>et</span> <span class='ocrx_word' id='word_1_107' title='bbox 1038 1983 1398 2063; x_wconf 87' lang='lat' dir='ltr'>dampnum</span> <span class='ocrx_word' id='word_1_108' title='bbox 1447 1983 1928 2062; x_wconf 89' lang='lat' dir='ltr'>sepedictorum</span> <span class='ocrx_word' id='word_1_109' title='bbox 1961 1984 2429 2064; x_wconf 86' lang='lat' dir='ltr'>exponentium</span> <span class='ocrx_word' id='word_1_110' title='bbox 2473 1982 2700 2046; x_wconf 89' lang='lat' dir='ltr'>valde-</span> 
     </span>
     <span class='ocr_line' id='line_1_16' title="bbox 454 2088 2701 2171; baseline 0 -19"><span class='ocrx_word' id='word_1_111' title='bbox 454 2107 790 2170; x_wconf 89' lang='lat' dir='ltr'>magnum.</span> <span class='ocrx_word' id='word_1_112' title='bbox 840 2088 1053 2171; x_wconf 87' lang='lat' dir='ltr'>Super</span> <span class='ocrx_word' id='word_1_113' title='bbox 1097 2107 1230 2170; x_wconf 86' lang='lat' dir='ltr'>quo</span> <span class='ocrx_word' id='word_1_114' title='bbox 1277 2090 1625 2152; x_wconf 90' lang='lat' dir='ltr'>amicitiam</span> <span class='ocrx_word' id='word_1_115' title='bbox 1656 2096 1942 2153; x_wconf 89' lang='lat' dir='ltr'>vestram</span> <span class='ocrx_word' id='word_1_116' title='bbox 1975 2091 2387 2170; x_wconf 87' lang='lat' dir='ltr'>presentibus</span> <span class='ocrx_word' id='word_1_117' title='bbox 2417 2091 2701 2170; x_wconf 90' lang='lat' dir='ltr'>petimus</span> 
     </span>
     <span class='ocr_line' id='line_1_17' title="bbox 453 2197 2698 2278; baseline 0 -19"><span class='ocrx_word' id='word_1_118' title='bbox 453 2197 810 2278; x_wconf 84' lang='lat' dir='ltr'>diligenter,</span> <span class='ocrx_word' id='word_1_119' title='bbox 876 2205 1204 2277; x_wconf 89' lang='lat' dir='ltr'>quatenus</span> <span class='ocrx_word' id='word_1_120' title='bbox 1260 2203 1550 2261; x_wconf 90' lang='lat' dir='ltr'>vestrum</span> <span class='ocrx_word' id='word_1_121' title='bbox 1613 2198 1882 2261; x_wconf 82' lang='lat' dir='ltr'>mittatis</span> <span class='ocrx_word' id='word_1_122' title='bbox 1945 2199 2279 2262; x_wconf 89' lang='lat' dir='ltr'>hominem</span> <span class='ocrx_word' id='word_1_123' title='bbox 2344 2215 2463 2278; x_wconf 94' lang='lat' dir='ltr'>pro</span> <span class='ocrx_word' id='word_1_124' title='bbox 2527 2198 2698 2260; x_wconf 91' lang='lat' dir='ltr'>testi-</span> 
     </span>
     <span class='ocr_line' id='line_1_18' title="bbox 453 2304 2701 2385; baseline 0 -18"><span class='ocrx_word' id='word_1_125' title='bbox 453 2307 677 2369; x_wconf 89' lang='lat' dir='ltr'>monio</span> <span class='ocrx_word' id='word_1_126' title='bbox 737 2304 1161 2384; x_wconf 87' lang='lat' dir='ltr'>fidedignum,</span> <span class='ocrx_word' id='word_1_127' title='bbox 1227 2321 1360 2385; x_wconf 88' lang='lat' dir='ltr'>quo</span> <span class='ocrx_word' id='word_1_128' title='bbox 1413 2313 1714 2385; x_wconf 88' lang='lat' dir='ltr'>presente</span> <span class='ocrx_word' id='word_1_129' title='bbox 1770 2305 1998 2369; x_wconf 88' lang='lat' dir='ltr'>Petrus</span> <span class='ocrx_word' id='word_1_130' title='bbox 2054 2312 2168 2367; x_wconf 90' lang='lat' dir='ltr'>aut</span> <span class='ocrx_word' id='word_1_131' title='bbox 2232 2304 2543 2368; x_wconf 89' lang='lat' dir='ltr'>Nicolaus</span> <span class='ocrx_word' id='word_1_132' title='bbox 2597 2306 2701 2369; x_wconf 89' lang='lat' dir='ltr'>vel</span> 
     </span>
     <span class='ocr_line' id='line_1_19' title="bbox 453 2408 2701 2493; baseline 0.001 -20"><span class='ocrx_word' id='word_1_133' title='bbox 453 2411 696 2475; x_wconf 90' lang='lat' dir='ltr'>Paulus</span> <span class='ocrx_word' id='word_1_134' title='bbox 744 2414 826 2475; x_wconf 89' lang='lat' dir='ltr'>de</span> <span class='ocrx_word' id='word_1_135' title='bbox 870 2411 1173 2489; x_wconf 91' lang='lat' dir='ltr'>Zombor,</span> <span class='ocrx_word' id='word_1_136' title='bbox 1213 2412 1313 2474; x_wconf 88' lang='lat' dir='ltr'>sin</span> <span class='ocrx_word' id='word_1_137' title='bbox 1345 2408 1560 2475; x_wconf 90' lang='lat' dir='ltr'>Anchi</span> <span class='ocrx_word' id='word_1_138' title='bbox 1592 2413 1806 2476; x_wconf 89' lang='lat' dir='ltr'>dictus</span> <span class='ocrx_word' id='word_1_139' title='bbox 1837 2412 2107 2490; x_wconf 90' lang='lat' dir='ltr'>Balathi,</span> <span class='ocrx_word' id='word_1_140' title='bbox 2141 2429 2284 2475; x_wconf 88' lang='lat' dir='ltr'>sew</span> <span class='ocrx_word' id='word_1_141' title='bbox 2314 2411 2701 2493; x_wconf 88' lang='lat' dir='ltr'>Damyanus</span> 
     </span>
     <span class='ocr_line' id='line_1_20' title="bbox 454 2519 2699 2602; baseline 0 -20"><span class='ocrx_word' id='word_1_142' title='bbox 454 2520 537 2588; x_wconf 89' lang='lat' dir='ltr'>de</span> <span class='ocrx_word' id='word_1_143' title='bbox 594 2520 849 2598; x_wconf 84' lang='lat' dir='ltr'>eadem,</span> <span class='ocrx_word' id='word_1_144' title='bbox 920 2520 1060 2582; x_wconf 90' lang='lat' dir='ltr'>sive</span> <span class='ocrx_word' id='word_1_145' title='bbox 1129 2519 1441 2583; x_wconf 89' lang='lat' dir='ltr'>Nicolaus</span> <span class='ocrx_word' id='word_1_146' title='bbox 1505 2519 1764 2602; x_wconf 88' lang='lat' dir='ltr'>Czeczy</span> <span class='ocrx_word' id='word_1_147' title='bbox 1830 2521 1911 2583; x_wconf 88' lang='lat' dir='ltr'>de</span> <span class='ocrx_word' id='word_1_148' title='bbox 1975 2520 2119 2601; x_wconf 88' lang='lat' dir='ltr'>ipsa</span> <span class='ocrx_word' id='word_1_149' title='bbox 2170 2520 2477 2601; x_wconf 87' lang='lat' dir='ltr'>Zombor,</span> <span class='ocrx_word' id='word_1_150' title='bbox 2532 2537 2699 2583; x_wconf 89' lang='lat' dir='ltr'>neve</span> 
     </span>
     <span class='ocr_line' id='line_1_21' title="bbox 457 2628 2701 2709; baseline 0 -19"><span class='ocrx_word' id='word_1_151' title='bbox 457 2629 788 2692; x_wconf 90' lang='lat' dir='ltr'>Dionisius</span> <span class='ocrx_word' id='word_1_152' title='bbox 818 2630 923 2691; x_wconf 89' lang='lat' dir='ltr'>vel</span> <span class='ocrx_word' id='word_1_153' title='bbox 966 2628 1208 2690; x_wconf 89' lang='lat' dir='ltr'>Paulus</span> <span class='ocrx_word' id='word_1_154' title='bbox 1239 2628 1321 2690; x_wconf 89' lang='lat' dir='ltr'>de</span> <span class='ocrx_word' id='word_1_155' title='bbox 1355 2629 1655 2706; x_wconf 85' lang='lat' dir='ltr'>Laztacz,</span> <span class='ocrx_word' id='word_1_156' title='bbox 1688 2635 1803 2691; x_wconf 88' lang='lat' dir='ltr'>aut</span> <span class='ocrx_word' id='word_1_157' title='bbox 1832 2628 2220 2691; x_wconf 88' lang='lat' dir='ltr'>Laurentius</span> <span class='ocrx_word' id='word_1_158' title='bbox 2250 2630 2355 2692; x_wconf 92' lang='lat' dir='ltr'>vel</span> <span class='ocrx_word' id='word_1_159' title='bbox 2379 2628 2701 2709; x_wconf 85' lang='lat' dir='ltr'>Georgius</span> 
     </span>
     <span class='ocr_line' id='line_1_22' title="bbox 454 2734 2699 2812; baseline 0 -15"><span class='ocrx_word' id='word_1_160' title='bbox 454 2737 537 2799; x_wconf 89' lang='lat' dir='ltr'>de</span> <span class='ocrx_word' id='word_1_161' title='bbox 580 2734 955 2812; x_wconf 89' lang='lat' dir='ltr'>Czakhaza,</span> <span class='ocrx_word' id='word_1_162' title='bbox 1014 2735 1153 2798; x_wconf 89' lang='lat' dir='ltr'>sive</span> <span class='ocrx_word' id='word_1_163' title='bbox 1208 2735 1242 2797; x_wconf 93' lang='lat' dir='ltr'>J</span> <span class='ocrx_word' id='word_1_164' title='bbox 1246 2735 1546 2799; x_wconf 91' lang='lat' dir='ltr'>ohannes</span> <span class='ocrx_word' id='word_1_165' title='bbox 1600 2753 1745 2799; x_wconf 92' lang='lat' dir='ltr'>sew</span> <span class='ocrx_word' id='word_1_166' title='bbox 1786 2735 2014 2798; x_wconf 90' lang='lat' dir='ltr'>Petrus</span> <span class='ocrx_word' id='word_1_167' title='bbox 2070 2736 2150 2799; x_wconf 91' lang='lat' dir='ltr'>de</span> <span class='ocrx_word' id='word_1_168' title='bbox 2196 2736 2348 2798; x_wconf 89' lang='lat' dir='ltr'>Ztar</span> <span class='ocrx_word' id='word_1_169' title='bbox 2401 2737 2540 2800; x_wconf 89' lang='lat' dir='ltr'>aliis</span> <span class='ocrx_word' id='word_1_170' title='bbox 2584 2737 2699 2798; x_wconf 88' lang='lat' dir='ltr'>ab-</span> 
     </span>
     <span class='ocr_line' id='line_1_23' title="bbox 451 2842 2702 2925; baseline -0 -19"><span class='ocrx_word' id='word_1_171' title='bbox 451 2842 752 2906; x_wconf 88' lang='lat' dir='ltr'>sentibus</span> <span class='ocrx_word' id='word_1_172' title='bbox 781 2842 983 2905; x_wconf 88' lang='lat' dir='ltr'>homo</span> <span class='ocrx_word' id='word_1_173' title='bbox 1013 2845 1229 2923; x_wconf 90' lang='lat' dir='ltr'>regius</span> <span class='ocrx_word' id='word_1_174' title='bbox 1267 2843 1429 2907; x_wconf 88' lang='lat' dir='ltr'>scita</span> <span class='ocrx_word' id='word_1_175' title='bbox 1453 2843 1921 2925; x_wconf 87' lang='lat' dir='ltr'>premissorum</span> <span class='ocrx_word' id='word_1_176' title='bbox 1960 2860 2141 2907; x_wconf 89' lang='lat' dir='ltr'>mera</span> <span class='ocrx_word' id='word_1_177' title='bbox 2175 2843 2442 2907; x_wconf 90' lang='lat' dir='ltr'>veritate</span> <span class='ocrx_word' id='word_1_178' title='bbox 2471 2850 2702 2908; x_wconf 92' lang='lat' dir='ltr'>evocet</span> 
     </span>
     <span class='ocr_line' id='line_1_24' title="bbox 449 2949 2702 3032; baseline 0.001 -22"><span class='ocrx_word' id='word_1_179' title='bbox 449 2949 780 3030; x_wconf 90' lang='lat' dir='ltr'>prefatum</span> <span class='ocrx_word' id='word_1_180' title='bbox 839 2950 1213 3014; x_wconf 90' lang='lat' dir='ltr'>Ladislaum</span> <span class='ocrx_word' id='word_1_181' title='bbox 1279 2951 1361 3015; x_wconf 91' lang='lat' dir='ltr'>de</span> <span class='ocrx_word' id='word_1_182' title='bbox 1425 2951 1619 3014; x_wconf 92' lang='lat' dir='ltr'>Doob</span> <span class='ocrx_word' id='word_1_183' title='bbox 1673 2957 1739 3012; x_wconf 91' lang='lat' dir='ltr'>et</span> <span class='ocrx_word' id='word_1_184' title='bbox 1795 2951 1958 3013; x_wconf 90' lang='lat' dir='ltr'>alios</span> <span class='ocrx_word' id='word_1_185' title='bbox 2013 2951 2408 3032; x_wconf 89' lang='lat' dir='ltr'>prescriptos</span> <span class='ocrx_word' id='word_1_186' title='bbox 2475 2960 2702 3014; x_wconf 87' lang='lat' dir='ltr'>contra</span> 
     </span>
     <span class='ocr_line' id='line_1_25' title="bbox 450 3057 2701 3140; baseline 0 -22"><span class='ocrx_word' id='word_1_187' title='bbox 450 3063 807 3120; x_wconf 88' lang='lat' dir='ltr'>annotatos</span> <span class='ocrx_word' id='word_1_188' title='bbox 870 3067 1277 3139; x_wconf 87' lang='lat' dir='ltr'>exponentes</span> <span class='ocrx_word' id='word_1_189' title='bbox 1341 3059 1405 3122; x_wconf 92' lang='lat' dir='ltr'>in</span> <span class='ocrx_word' id='word_1_190' title='bbox 1470 3060 1716 3121; x_wconf 90' lang='lat' dir='ltr'>curiam</span> <span class='ocrx_word' id='word_1_191' title='bbox 1784 3059 2049 3140; x_wconf 91' lang='lat' dir='ltr'>regiam,</span> <span class='ocrx_word' id='word_1_192' title='bbox 2114 3064 2406 3122; x_wconf 90' lang='lat' dir='ltr'>nostram</span> <span class='ocrx_word' id='word_1_193' title='bbox 2461 3057 2701 3121; x_wconf 91' lang='lat' dir='ltr'>scilicet</span> 
     </span>
     <span class='ocr_line' id='line_1_26' title="bbox 452 3163 2701 3246; baseline 0.001 -21"><span class='ocrx_word' id='word_1_194' title='bbox 452 3163 521 3226; x_wconf 91' lang='lat' dir='ltr'>in</span> <span class='ocrx_word' id='word_1_195' title='bbox 578 3166 971 3244; x_wconf 89' lang='lat' dir='ltr'>presentiam</span> <span class='ocrx_word' id='word_1_196' title='bbox 1025 3166 1110 3227; x_wconf 90' lang='lat' dir='ltr'>ad</span> <span class='ocrx_word' id='word_1_197' title='bbox 1172 3173 1443 3229; x_wconf 89' lang='lat' dir='ltr'>octavas</span> <span class='ocrx_word' id='word_1_198' title='bbox 1484 3166 1628 3229; x_wconf 89' lang='lat' dir='ltr'>festi</span> <span class='ocrx_word' id='word_1_199' title='bbox 1668 3164 2187 3246; x_wconf 83' lang='lat' dir='ltr'>Epiphaniamm</span> <span class='ocrx_word' id='word_1_200' title='bbox 2234 3166 2478 3230; x_wconf 90' lang='lat' dir='ltr'>domini</span> <span class='ocrx_word' id='word_1_201' title='bbox 2524 3183 2701 3228; x_wconf 89' lang='lat' dir='ltr'>nunc</span> 
     </span>
     <span class='ocr_line' id='line_1_27' title="bbox 447 3271 2700 3353; baseline 0.002 -21"><span class='ocrx_word' id='word_1_202' title='bbox 447 3271 730 3349; x_wconf 88' lang='lat' dir='ltr'>venturi,</span> <span class='ocrx_word' id='word_1_203' title='bbox 758 3278 965 3334; x_wconf 91' lang='lat' dir='ltr'>ratam</span> <span class='ocrx_word' id='word_1_204' title='bbox 990 3273 1071 3334; x_wconf 90' lang='lat' dir='ltr'>de</span> <span class='ocrx_word' id='word_1_205' title='bbox 1103 3273 1437 3353; x_wconf 88' lang='lat' dir='ltr'>premissis</span> <span class='ocrx_word' id='word_1_206' title='bbox 1457 3273 1818 3336; x_wconf 91' lang='lat' dir='ltr'>reddituros</span> <span class='ocrx_word' id='word_1_207' title='bbox 1849 3272 2208 3353; x_wconf 84' lang='lat' dir='ltr'>efficacem,</span> <span class='ocrx_word' id='word_1_208' title='bbox 2241 3274 2347 3336; x_wconf 87' lang='lat' dir='ltr'>lite</span> <span class='ocrx_word' id='word_1_209' title='bbox 2378 3272 2700 3353; x_wconf 90' lang='lat' dir='ltr'>pendente</span> 
     </span>
     <span class='ocr_line' id='line_1_28' title="bbox 450 3379 2702 3460; baseline 0 -18"><span class='ocrx_word' id='word_1_210' title='bbox 450 3380 508 3442; x_wconf 90' lang='lat' dir='ltr'>si</span> <span class='ocrx_word' id='word_1_211' title='bbox 578 3398 712 3459; x_wconf 90' lang='lat' dir='ltr'>qua</span> <span class='ocrx_word' id='word_1_212' title='bbox 775 3380 939 3455; x_wconf 89' lang='lat' dir='ltr'>foret</span> <span class='ocrx_word' id='word_1_213' title='bbox 996 3381 1157 3444; x_wconf 91' lang='lat' dir='ltr'>inter</span> <span class='ocrx_word' id='word_1_214' title='bbox 1203 3380 1384 3460; x_wconf 93' lang='lat' dir='ltr'>ipsos</span> <span class='ocrx_word' id='word_1_215' title='bbox 1422 3398 1555 3443; x_wconf 90' lang='lat' dir='ltr'>non</span> <span class='ocrx_word' id='word_1_216' title='bbox 1607 3381 1931 3444; x_wconf 90' lang='lat' dir='ltr'>obstante.</span> <span class='ocrx_word' id='word_1_217' title='bbox 1999 3380 2399 3444; x_wconf 89' lang='lat' dir='ltr'>Insinuando</span> <span class='ocrx_word' id='word_1_218' title='bbox 2461 3379 2702 3443; x_wconf 90' lang='lat' dir='ltr'>ibidem</span> 
     </span>
     <span class='ocr_line' id='line_1_29' title="bbox 447 3486 2704 3568; baseline 0 -20"><span class='ocrx_word' id='word_1_219' title='bbox 447 3486 721 3564; x_wconf 90' lang='lat' dir='ltr'>eisdem,</span> <span class='ocrx_word' id='word_1_220' title='bbox 771 3493 846 3549; x_wconf 90' lang='lat' dir='ltr'>ut</span> <span class='ocrx_word' id='word_1_221' title='bbox 875 3487 1015 3550; x_wconf 89' lang='lat' dir='ltr'>sive</span> <span class='ocrx_word' id='word_1_222' title='bbox 1046 3488 1164 3568; x_wconf 90' lang='lat' dir='ltr'>ipsi</span> <span class='ocrx_word' id='word_1_223' title='bbox 1197 3488 1262 3550; x_wconf 90' lang='lat' dir='ltr'>in</span> <span class='ocrx_word' id='word_1_224' title='bbox 1291 3488 1480 3551; x_wconf 88' lang='lat' dir='ltr'>dictis</span> <span class='ocrx_word' id='word_1_225' title='bbox 1519 3489 1773 3552; x_wconf 90' lang='lat' dir='ltr'>octavis</span> <span class='ocrx_word' id='word_1_226' title='bbox 1805 3506 2025 3551; x_wconf 88' lang='lat' dir='ltr'>coram</span> <span class='ocrx_word' id='word_1_227' title='bbox 2051 3488 2241 3551; x_wconf 92' lang='lat' dir='ltr'>nobis</span> <span class='ocrx_word' id='word_1_228' title='bbox 2282 3495 2704 3567; x_wconf 89' lang='lat' dir='ltr'>compareant</span> 
     </span>
     <span class='ocr_line' id='line_1_30' title="bbox 445 3594 2702 3677; baseline 0 -20"><span class='ocrx_word' id='word_1_229' title='bbox 445 3594 594 3657; x_wconf 88' lang='lat' dir='ltr'>sive</span> <span class='ocrx_word' id='word_1_230' title='bbox 634 3610 789 3673; x_wconf 90' lang='lat' dir='ltr'>non,</span> <span class='ocrx_word' id='word_1_231' title='bbox 816 3612 941 3658; x_wconf 91' lang='lat' dir='ltr'>nos</span> <span class='ocrx_word' id='word_1_232' title='bbox 966 3596 1051 3658; x_wconf 92' lang='lat' dir='ltr'>ad</span> <span class='ocrx_word' id='word_1_233' title='bbox 1084 3596 1284 3676; x_wconf 88' lang='lat' dir='ltr'>partis</span> <span class='ocrx_word' id='word_1_234' title='bbox 1316 3597 1756 3677; x_wconf 89' lang='lat' dir='ltr'>comparentis</span> <span class='ocrx_word' id='word_1_235' title='bbox 1789 3596 2163 3659; x_wconf 90' lang='lat' dir='ltr'>instantiam</span> <span class='ocrx_word' id='word_1_236' title='bbox 2212 3596 2392 3658; x_wconf 89' lang='lat' dir='ltr'>iuxta</span> <span class='ocrx_word' id='word_1_237' title='bbox 2423 3596 2702 3658; x_wconf 89' lang='lat' dir='ltr'>formam</span> 
     </span>
     <span class='ocr_line' id='line_1_31' title="bbox 447 3701 2702 3784; baseline 0 -20"><span class='ocrx_word' id='word_1_238' title='bbox 447 3701 774 3780; x_wconf 81' lang='lat' dir='ltr'>generalis</span> <span class='ocrx_word' id='word_1_239' title='bbox 820 3702 1057 3765; x_wconf 87' lang='lat' dir='ltr'>decreti</span> <span class='ocrx_word' id='word_1_240' title='bbox 1114 3702 1530 3767; x_wconf 89' lang='lat' dir='ltr'>dominorum</span> <span class='ocrx_word' id='word_1_241' title='bbox 1586 3705 2004 3784; x_wconf 87' lang='lat' dir='ltr'>prelatorum,</span> <span class='ocrx_word' id='word_1_242' title='bbox 2052 3703 2376 3766; x_wconf 91' lang='lat' dir='ltr'>baronum</span> <span class='ocrx_word' id='word_1_243' title='bbox 2414 3711 2479 3766; x_wconf 90' lang='lat' dir='ltr'>et</span> <span class='ocrx_word' id='word_1_244' title='bbox 2525 3703 2702 3782; x_wconf 88' lang='lat' dir='ltr'>regni</span> 
     </span>
     <span class='ocr_line' id='line_1_32' title="bbox 444 3808 2702 3891; baseline 0.001 -22"><span class='ocrx_word' id='word_1_245' title='bbox 444 3809 767 3871; x_wconf 88' lang='lat' dir='ltr'>nobilium</span> <span class='ocrx_word' id='word_1_246' title='bbox 813 3808 896 3872; x_wconf 90' lang='lat' dir='ltr'>de</span> <span class='ocrx_word' id='word_1_247' title='bbox 947 3809 1322 3873; x_wconf 89' lang='lat' dir='ltr'>huiusmodi</span> <span class='ocrx_word' id='word_1_248' title='bbox 1370 3811 1625 3873; x_wconf 90' lang='lat' dir='ltr'>actibus</span> <span class='ocrx_word' id='word_1_249' title='bbox 1682 3811 2084 3891; x_wconf 90' lang='lat' dir='ltr'>potentiariis</span> <span class='ocrx_word' id='word_1_250' title='bbox 2139 3811 2396 3874; x_wconf 90' lang='lat' dir='ltr'>stabiliti</span> <span class='ocrx_word' id='word_1_251' title='bbox 2451 3810 2702 3889; x_wconf 90' lang='lat' dir='ltr'>absque</span> 
     </span>
     <span class='ocr_line' id='line_1_33' title="bbox 444 3916 2699 3990; baseline 0 -13"><span class='ocrx_word' id='word_1_252' title='bbox 444 3916 733 3978; x_wconf 88' lang='lat' dir='ltr'>ulteriori</span> <span class='ocrx_word' id='word_1_253' title='bbox 790 3916 1160 3990; x_wconf 86' lang='lat' dir='ltr'>dilatatione</span> <span class='ocrx_word' id='word_1_254' title='bbox 1206 3917 1514 3981; x_wconf 90' lang='lat' dir='ltr'>iudicium</span> <span class='ocrx_word' id='word_1_255' title='bbox 1562 3925 1626 3981; x_wconf 90' lang='lat' dir='ltr'>et</span> <span class='ocrx_word' id='word_1_256' title='bbox 1673 3918 1980 3980; x_wconf 90' lang='lat' dir='ltr'>iustitiam</span> <span class='ocrx_word' id='word_1_257' title='bbox 2025 3918 2345 3981; x_wconf 90' lang='lat' dir='ltr'>faciemus</span> <span class='ocrx_word' id='word_1_258' title='bbox 2401 3934 2607 3979; x_wconf 90' lang='lat' dir='ltr'>causa</span> <span class='ocrx_word' id='word_1_259' title='bbox 2636 3916 2699 3979; x_wconf 91' lang='lat' dir='ltr'>in</span> 
     </span>
     <span class='ocr_line' id='line_1_34' title="bbox 441 4022 2701 4106; baseline 0 -21"><span class='ocrx_word' id='word_1_260' title='bbox 441 4024 794 4104; x_wconf 90' lang='lat' dir='ltr'>premissa,</span> <span class='ocrx_word' id='word_1_261' title='bbox 870 4033 1062 4105; x_wconf 93' lang='lat' dir='ltr'>prout</span> <span class='ocrx_word' id='word_1_262' title='bbox 1118 4024 1383 4088; x_wconf 85' lang='lat' dir='ltr'>dictabit</span> <span class='ocrx_word' id='word_1_263' title='bbox 1445 4026 1607 4089; x_wconf 90' lang='lat' dir='ltr'>ordo</span> <span class='ocrx_word' id='word_1_264' title='bbox 1677 4025 1851 4088; x_wconf 91' lang='lat' dir='ltr'>iuris.</span> <span class='ocrx_word' id='word_1_265' title='bbox 1913 4022 2000 4087; x_wconf 93' lang='lat' dir='ltr'>Et</span> <span class='ocrx_word' id='word_1_266' title='bbox 2073 4026 2347 4106; x_wconf 90' lang='lat' dir='ltr'>posthec</span> <span class='ocrx_word' id='word_1_267' title='bbox 2412 4025 2701 4105; x_wconf 88' lang='lat' dir='ltr'>ipsarum</span> 
     </span>
     <span class='ocr_line' id='line_1_35' title="bbox 440 4128 2702 4210; baseline 0 -19"><span class='ocrx_word' id='word_1_268' title='bbox 440 4128 902 4210; x_wconf 82' lang='lat' dir='ltr'>inquisitioniS,</span> <span class='ocrx_word' id='word_1_269' title='bbox 952 4132 1352 4196; x_wconf 90' lang='lat' dir='ltr'>evocationis</span> <span class='ocrx_word' id='word_1_270' title='bbox 1405 4141 1469 4196; x_wconf 93' lang='lat' dir='ltr'>et</span> <span class='ocrx_word' id='word_1_271' title='bbox 1529 4132 1981 4196; x_wconf 91' lang='lat' dir='ltr'>insinuationis</span> <span class='ocrx_word' id='word_1_272' title='bbox 2027 4133 2255 4194; x_wconf 91' lang='lat' dir='ltr'>seriem</span> <span class='ocrx_word' id='word_1_273' title='bbox 2311 4149 2466 4194; x_wconf 88' lang='lat' dir='ltr'>cum</span> <span class='ocrx_word' id='word_1_274' title='bbox 2496 4130 2702 4193; x_wconf 90' lang='lat' dir='ltr'>nomi-</span> 
     </span>
     <span class='ocr_line' id='line_1_36' title="bbox 443 4236 2704 4304; baseline 0 -6"><span class='ocrx_word' id='word_1_275' title='bbox 443 4237 648 4300; x_wconf 89' lang='lat' dir='ltr'>nibus</span> <span class='ocrx_word' id='word_1_276' title='bbox 713 4246 1137 4302; x_wconf 89' lang='lat' dir='ltr'>evocatorum</span> <span class='ocrx_word' id='word_1_277' title='bbox 1204 4250 1476 4304; x_wconf 89' lang='lat' dir='ltr'>octavas</span> <span class='ocrx_word' id='word_1_278' title='bbox 1545 4241 1632 4303; x_wconf 91' lang='lat' dir='ltr'>ad</span> <span class='ocrx_word' id='word_1_279' title='bbox 1695 4239 1965 4302; x_wconf 90' lang='lat' dir='ltr'>easdem</span> <span class='ocrx_word' id='word_1_280' title='bbox 2030 4238 2221 4301; x_wconf 91' lang='lat' dir='ltr'>nobis</span> <span class='ocrx_word' id='word_1_281' title='bbox 2285 4236 2704 4301; x_wconf 90' lang='lat' dir='ltr'>amicabiliter</span> 
     </span>
     <span class='ocr_line' id='line_1_37' title="bbox 441 4345 2700 4427; baseline 0.001 -22"><span class='ocrx_word' id='word_1_282' title='bbox 441 4345 836 4410; x_wconf 78' lang='lat' dir='ltr'>rescribatis,</span> <span class='ocrx_word' id='word_1_283' title='bbox 870 4346 1112 4409; x_wconf 90' lang='lat' dir='ltr'>Datum</span> <span class='ocrx_word' id='word_1_284' title='bbox 1136 4347 1200 4409; x_wconf 91' lang='lat' dir='ltr'>in</span> <span class='ocrx_word' id='word_1_285' title='bbox 1233 4346 1542 4409; x_wconf 86' lang='lat' dir='ltr'>Hehnecz</span> <span class='ocrx_word' id='word_1_286' title='bbox 1561 4347 1717 4409; x_wconf 88' lang='lat' dir='ltr'>feria</span> <span class='ocrx_word' id='word_1_287' title='bbox 1736 4353 1925 4410; x_wconf 87' lang='lat' dir='ltr'>sexta</span> <span class='ocrx_word' id='word_1_288' title='bbox 1952 4346 2248 4427; x_wconf 90' lang='lat' dir='ltr'>proxima</span> <span class='ocrx_word' id='word_1_289' title='bbox 2279 4353 2429 4425; x_wconf 91' lang='lat' dir='ltr'>post</span> <span class='ocrx_word' id='word_1_290' title='bbox 2459 4346 2700 4409; x_wconf 89' lang='lat' dir='ltr'>festum</span> 
     </span>
     <span class='ocr_line' id='line_1_38' title="bbox 439 4442 2699 4544; baseline 0.002 -32"><span class='ocrx_word' id='word_1_291' title='bbox 439 4442 642 4513; x_wconf 74' lang='lat' dir='ltr'>beati&#39;</span> <span class='ocrx_word' id='word_1_292' title='bbox 661 4452 842 4516; x_wconf 89' lang='lat' dir='ltr'>Luce</span> <span class='ocrx_word' id='word_1_293' title='bbox 873 4454 1291 4534; x_wconf 88' lang='lat' dir='ltr'>ewangeliste</span> <span class='ocrx_word' id='word_1_294' title='bbox 1322 4472 1499 4517; x_wconf 91' lang='lat' dir='ltr'>anno</span> <span class='ocrx_word' id='word_1_295' title='bbox 1539 4454 1782 4516; x_wconf 91' lang='lat' dir='ltr'>domini</span> <span class='ocrx_word' id='word_1_296' title='bbox 1823 4452 2161 4516; x_wconf 91' lang='lat' dir='ltr'>millesimo</span> <span class='ocrx_word' id='word_1_297' title='bbox 2203 4451 2699 4544; x_wconf 85' lang='lat' dir='ltr'>quadringente-</span> 
     </span>
     <span class='ocr_line' id='line_1_39' title="bbox 437 4557 1574 4642; baseline 0.003 -23"><span class='ocrx_word' id='word_1_298' title='bbox 437 4557 621 4621; x_wconf 90' lang='lat' dir='ltr'>simo</span> <span class='ocrx_word' id='word_1_299' title='bbox 667 4560 1211 4642; x_wconf 86' lang='lat' dir='ltr'>quinquagesimo</span> <span class='ocrx_word' id='word_1_300' title='bbox 1261 4562 1574 4625; x_wconf 71' lang='lat' dir='ltr'>secundo</span> 
     </span>
    </p>
   </div>
   <div class='ocr_carea' id='block_1_3' title="bbox 2777 3250 2880 3295">
    <p class='ocr_par' dir='ltr' id='par_1_3' title="bbox 2777 3250 2880 3295">
     <span class='ocr_line' id='line_1_40' title="bbox 2777 3250 2880 3295; baseline 0.01 -1"><span class='ocrx_word' id='word_1_301' title='bbox 2777 3250 2880 3295; x_wconf 72' lang='lat'>1453</span> 
     </span>
    </p>
   </div>
   <div class='ocr_carea' id='block_1_4' title="bbox 2719 3308 2935 3320">
    <p class='ocr_par' dir='ltr' id='par_1_4' title="bbox 2719 3308 2935 3320">
     <span class='ocr_line' id='line_1_41' title="bbox 2719 3308 2935 3320; baseline 0 0"><span class='ocrx_word' id='word_1_302' title='bbox 2719 3308 2935 3320; x_wconf 95' lang='lat' dir='ltr'> </span> 
     </span>
    </p>
   </div>
   <div class='ocr_carea' id='block_1_5' title="bbox 2735 3322 2930 3378">
    <p class='ocr_par' dir='ltr' id='par_1_5' title="bbox 2735 3322 2930 3378">
     <span class='ocr_line' id='line_1_42' title="bbox 2735 3322 2930 3378; baseline 0 -11"><span class='ocrx_word' id='word_1_303' title='bbox 2735 3323 2836 3378; x_wconf 73' lang='lat' dir='ltr'>jan.</span> <span class='ocrx_word' id='word_1_304' title='bbox 2866 3322 2930 3367; x_wconf 73' lang='lat'>1³.</span> 
     </span>
    </p>
   </div>
   <div class='ocr_carea' id='block_1_6' title="bbox 2775 4509 2880 4555">
    <p class='ocr_par' dir='ltr' id='par_1_6' title="bbox 2775 4509 2880 4555">
     <span class='ocr_line' id='line_1_43' title="bbox 2775 4509 2880 4555; baseline -0.01 0"><span class='ocrx_word' id='word_1_305' title='bbox 2775 4509 2880 4555; x_wconf 72' lang='lat'>1452</span> 
     </span>
    </p>
   </div>
   <div class='ocr_carea' id='block_1_7' title="bbox 2718 4568 2932 4627">
    <p class='ocr_par' dir='ltr' id='par_1_7' title="bbox 2718 4568 2932 4627">
     <span class='ocr_line' id='line_1_44' title="bbox 2718 4568 2932 4627; baseline -0.005 0"><span class='ocrx_word' id='word_1_306' title='bbox 2718 4568 2932 4627; x_wconf 57' lang='grc' dir='ltr'>-οιὶῐῖιῖ</span> 
     </span>
    </p>
   </div>
  </div>
 </body>
</html>
