3475 5200
1660 399 2013 453 ..74-

711 626 1104 703 despectum
1158 631 1378 684 nostre
1427 621 1781 683 maiestatis
1829 638 2205 700 expugnare
2253 627 2315 680 et
2347 635 2576 681 eorum
2609 619 2963 698 nephando

719 733 1005 795 dominio
1027 732 1376 810 subiugare
1398 729 1758 808 satagebat,
1782 746 1910 790 non
1935 728 2231 790 modicas
2251 728 2444 788 etiam
2465 727 2964 806 depredationes

719 846 781 900 et
814 840 1297 901 devastationes
1330 855 1408 898 ac
1440 837 1734 898 incendia
1757 837 1818 897 in
1852 836 2024 897 dicto
2060 852 2259 914 regno
2303 841 2526 898 nostro
2559 834 2787 896 Rascie
2818 852 2960 913 per-

716 947 1049 1026 petrando,
1064 964 1370 1025 magnam
1394 952 1638 1024 partem
1655 944 1993 1026 hominum
2015 943 2349 1022 utriusque
2371 958 2592 1017 sexus,
2606 942 2962 1004 incolarum

718 1055 957 1116 scilicet
993 1054 1139 1115 dicti
1176 1055 1350 1132 regni
1381 1053 1581 1114 nostri
1631 1052 1879 1128 Rascie,
1930 1060 2187 1129 captam
2235 1051 2297 1111 in
2347 1059 2724 1129 perpetuam
2766 1049 2963 1110 servi-

717 1169 918 1230 tutem
967 1162 1290 1223 abducere
1339 1160 1720 1235 conabatur,
1770 1166 1923 1221 tunc
1974 1158 2261 1237 prefatus
2309 1157 2621 1219 Nicolaus
2667 1156 2960 1232 Bochka,

714 1287 915 1347 quern
965 1275 1202 1329 eotunc
1251 1268 1708 1329 nonnullarum
1743 1266 2033 1345 gentium
2067 1247 2439 1327 nostrarum
2472 1264 2962 1326 exercitualium

719 1375 1270 1437 constitueramus
1333 1375 1396 1436 in
1465 1374 1900 1453 capitaneum,
1968 1373 2245 1434 audacia
2310 1372 2556 1434 militari
2623 1390 2701 1433 ac
2757 1371 2963 1433 fideli-

714 1483 864 1544 tatis
912 1483 1166 1545 fervore
1214 1481 1523 1544 suffultus
1570 1500 1687 1562 pro
1736 1482 1936 1542 nostri
1985 1481 2252 1543 honoris
2298 1481 2687 1542 exaltatione
2737 1479 2960 1542 defen-

716 1591 1029 1667 sioneque
1078 1590 1281 1669 ipsius
1330 1589 1521 1651 castri
1570 1589 1771 1651 nostri
1819 1607 1896 1649 ac
1946 1588 2092 1650 dicti
2142 1588 2317 1667 regni
2367 1588 2565 1649 nostri
2624 1586 2849 1650 Rascie
2897 1597 2965 1649 et

715 1698 1072 1758 incolarum
1121 1697 1414 1759 eiusdem
1463 1696 1721 1776 propria
1769 1713 1892 1757 sua
1939 1695 2002 1756 in
2052 1694 2335 1776 persona
2376 1712 2664 1757 unacum
2695 1694 2963 1774 quibus-

699 1804 868 1866 dam
919 1804 1058 1866 aliis
1120 1804 1418 1866 fidelibus
1465 1804 1721 1866 Turcos
1778 1803 2140 1880 debellavit,
2207 1803 2425 1883 plures
2494 1803 2828 1879 interemit,
2876 1819 2963 1864 ex

718 1912 950 1973 Rascia
1008 1912 1242 1989 abegit,
1292 1912 1516 1973 fideles
1565 1912 1758 1972 etiam
1807 1911 2168 1989 regnicolas
2217 1917 2446 1989 captos
2477 1909 2767 1971 liberavit
2800 1955 2812 1966 .
2847 1954 2859 1965 .
2899 1908 2953 1965 ..⁴²

929 2051 1150 2113 Eredeti,
1206 2050 1405 2116 hattya,
1458 2050 1623 2115 fiigg6
1662 2049 1929 2115 pecsettel‚
1974 2067 2003 2100 a
2042 2067 2114 2115 gr.
2157 2048 2370 2114 Erd6dy
2408 2065 2481 2100 cs».
2523 2047 2962 2114 monyorokereki

715 2139 1087 2204 leveltaraban,
1129 2142 1212 2191 73.
1253 2157 1328 2191 cs,
1366 2142 1524 2191 3381.
1566 2155 1640 2191 sz.

1705 2427 1970 2490 CXLIII.

1581 2587 1777 2653 1427.
1825 2589 1987 2651 deca.
2034 2585 2095 2652 9.

717 2734 921 2797 Ragusa
961 2730 1118 2782 vatos
1158 2730 1371 2781 tanacsa
1409 2732 1694 2796 Zsigmond
1733 2746 1949 2796 magyar
1974 2729 2161 2794 kiralyt
2187 2728 2625 2795 Nandorfejervat·
2651 2729 2957 2795 elsoglalasa

714 2820 1026 2871 alkalmabol
1053 2822 1280 2872 iidvozli.
1309 2821 1555 2886 Sajnalja,
1581 2824 1725 2886 hogy
1753 2821 1923 2871 abbeli
1950 2818 2357 2884 kivansaganak‚
2398 2822 2540 2885 hogy
2568 2818 2962 2870 kereskedoiket

714 2909 771 2961 es
809 2911 1127 2975 iparosaikat
1162 2908 1661 2975 Nandorsejervarra
1699 2910 1926 2974 kiildjek,
1967 2926 1997 2959 a
2045 2911 2191 2959 miatt
2228 2925 2346 2959 nem
2383 2911 2525 2960 tehet
2550 2910 2732 2974 eleget,
2762 2906 2959 2959 miutan

717 3001 843 3050 ezek
903 3016 1042 3065 nagy
1095 2998 1243 3050 resze
1302 2998 1583 3050 Szerbiiiba
1639 3000 1854 3050 szorult.
1912 2997 2183 3049 Ismetelve
2222 3016 2253 3050 a
2290 2997 2456 3064 kiraly
2510 2995 2795 3063 segitseget
2854 2995 2962 3048 Βάκ-ἰ

1697 3088 1989 3139 szamukra.

931 3181 990 3231 D.
1033 3180 1087 3232 R.
1129 3181 1247 3232 209.
1288 3195 1366 3230 52.

1708 3468 1981 3531 CXLIV.

1302 3628 1521 3707 (1427.
1573 3636 1744 3714 περὶ
1809 3664 1896 3673 ——
1942 3629 2141 3692 1428.
2175 3625 2388 3709 febr.)

717 3771 1001 3836 Zsigmond
1059 3768 1224 3833 kiraly
1279 3786 1493 3834 magyar
1537 3770 1718 3837 kiralyi
1757 3770 2168 3836 teljhatalmabol
2208 3771 2425 3835 Gybrgy
2483 3772 2636 3820 szerb
2693 3766 2751 3819 ἐς
2808 3768 2960 3820 albim

721 3859 1001 3925 deszpotat
1039 3859 1359 3923 iinnepelyes
1398 3859 1755 3910 szertartassal
1795 3863 2030 3911 kinevezi
2070 3857 2225 3924 egesz
2267 3859 2478 3909 Szerbia
2499 3857 2557 3908 es
2575 3856 2798 3909 Albania
2818 3860 2969 3911 desz-

716 3948 1012 4014 potajanak,
1053 3949 1249 3999 miutan
1289 3950 1416 3998 mint
1460 3950 1732 4009 „subditus
1772 3950 2002 4000 vasallus
2028 3952 2175 4013 regni
2203 3949 2366 3999 nostri
2392 3946 2686 4013 Hungarie“
2718 3965 2750 3997 a
2774 3947 2963 4013 huseg·

718 4042 871 4090 eskiit
925 4042 1099 4090 letette
1138 4054 1164 4088 s
1203 4055 1230 4088 e
1270 4037 1526 4105 maltosag
1576 4042 1879 4091 orokoseire
1935 4042 1979 4090 is
2036 4036 2375 4104 kiterjedven,
2436 4052 2497 4087 ez
2554 4037 2682 4087 eskii
2739 4036 2965 4090 letetelet

1289 4133 1482 4179 azokra
1519 4128 1685 4180 nezve
1725 4132 1771 4180 is
1810 4129 2155 4180 kotelezc'inek
2194 4128 2385 4178 ismeri.

935 4276 1001 4337 In
1052 4277 1317 4365 nomine
1366 4286 1588 4337 sancte
1637 4281 1701 4338 et
1749 4276 2072 4338 individue
2122 4276 2415 4337 trinitatis
2454 4275 2718 4336 feliciter
2745 4292 2960 4336 amen.

721 4382 1184 4462 Sigismundus
1234 4390 1378 4461 etc.,
1406 4384 1625 4446 illustri
1674 4384 1937 4463 principi
1987 4382 2268 4462 Georgio
2300 4384 2527 4445 Rascie
2558 4383 2756 4444 totius
2787 4381 2965 4461 regni

721 4500 781 4552 et
831 4488 1104 4553 Albanie
1171 4491 1319 4553 duci
1388 4498 1449 4553 et
1515 4491 1791 4570 despoto
1857 4490 2049 4566 fideli,
2118 4498 2298 4570 grate
2364 4496 2427 4551 et
2474 4491 2723 4552 sincere
2771 4488 2962 4551 nobis

720 4598 950 4660 dilecto
1000 4600 1275 4660 salutem
1326 4605 1389 4658 et
1435 4598 1723 4677 gratiam.
1763 4595 2169 4677 Sceptrigera
2204 4597 2370 4676 regie
2404 4595 2727 4677 dignitatis
2770 4594 2967 4658 subli-
