3475 5200
49 4328 66 4431 uu·-
47 4203 64 4305 -p-n-

1355 388 1708 442 „27-

403 614 791 671 vocatorum
846 607 910 670 in
965 615 1133 671 terra
1199 606 1460 672 Rasscie
1523 608 1909 674 situatorum
1969 611 2523 690 recuperationem
2571 629 2650 672 ac

405 724 945 803 reoptentionem,
1011 725 1434 805 ipsorumque
1507 733 1876 790 nostrorum
1947 726 2298 789 infidelium
2364 726 2657 789 extermi-

406 841 740 908 nationem
806 847 870 903 et
932 841 1193 904 exilium
1259 842 1820 904 concernentibus.
1900 841 1967 905 In
2043 859 2323 922 quorum
2391 843 2657 922 premis-

408 973 634 1019 sorum
681 957 1066 1019 executione
1113 957 1353 1020 scilicet
1401 957 1604 1037 ipsius
1659 958 1957 1038 reginalis
2022 959 2380 1021 maiestatis
2433 958 2657 1021 libera-

406 1073 582 1135 tione
651 1080 716 1135 et
783 1073 1100 1136 dictorum
1157 1081 1521 1137 castrorum
1577 1074 2062 1155 expugnatione
2117 1093 2195 1136 ac
2253 1074 2655 1137 districtuum

409 1190 898 1270 recuperatione
955 1197 1019 1252 et
1065 1190 1508 1270 reoptentione
1555 1207 1632 1252 ac
1678 1189 2038 1252 eorundem
2095 1190 2449 1254 infidelium
2504 1207 2656 1252 nos-

408 1314 656 1368 trorum
703 1307 1082 1369 contritione
1148 1315 1211 1369 et
1267 1307 1647 1387 expulsione
1712 1307 1882 1369 idem
1945 1307 2251 1387 magister
2315 1305 2658 1369 Ladislaus

408 1423 599 1485 nobis
645 1423 1060 1485 cernentibus
1111 1429 1464 1485 retrorsum
1511 1440 1643 1485 non
1691 1423 1861 1500 abiit,
1921 1424 2038 1486 sed
2091 1423 2352 1485 leonino
2400 1422 2651 1485 cinctus

410 1540 646 1601 robore
692 1539 783 1600 uti
830 1538 948 1600 tiro
996 1538 1180 1601 fortis
1224 1555 1414 1601 suam
1461 1556 1813 1618 personam
1859 1539 1991 1618 iugi
2042 1539 2269 1601 bellico
2325 1538 2656 1600 certamini

411 1672 532 1734 pro
578 1661 797 1717 nostre
844 1662 907 1717 et
952 1654 1155 1734 ipsius
1202 1654 1498 1734 reginalis
1543 1654 2005 1718 maiestatuum
2051 1654 2253 1735 gloria
2299 1661 2363 1718 et
2408 1654 2658 1716 honore

413 1777 744 1850 gratanter
788 1771 1197 1840 annectendo
1228 1778 1291 1832 et
1325 1788 1654 1850 exponere
1693 1788 1828 1834 non
1869 1769 2156 1834 verendo
2188 1777 2253 1834 et
2292 1772 2656 1833 emulorum

410 1895 787 1950 nostrorum
843 1888 1070 1949 acriter
1126 1885 1543 1950 servientium
1590 1888 1982 1967 proterviam
2027 1887 2282 1949 viriliter
2336 1884 2657 1963 elidendO,

413 2004 616 2065 nostri
676 2003 999 2081 regiminis
1046 2003 1245 2065 nimio
1292 2018 1442 2064 cum
1492 2002 1724 2066 decore
1780 2003 1980 2079 auxit,
2037 2003 2469 2084 insigniteque
2525 2002 2659 2064 sus-

413 2118 589 2181 fulsit
636 2120 1008 2198 vigorosam
1054 2125 1460 2199 potestatem.
1507 2119 2002 2198 Penultimoque
2041 2126 2104 2181 et
2136 2136 2219 2180 ex
2265 2135 2440 2180 novo
2488 2116 2660 2180 dicto

413 2235 724 2314 magistro
771 2235 1071 2298 Ladislao
1109 2252 1223 2314 per
1260 2253 1384 2298 nos
1421 2235 1605 2297 titulo
1651 2235 1922 2298 honoris
1970 2234 2317 2297 comitatus
2365 2233 2657 2296 Temesi-

415 2351 593 2413 ensis
630 2349 897 2414 antefati
935 2368 1117 2414 more
1159 2352 1351 2414 solito
1397 2335 1698 2431 insignito
1746 2349 1917 2413 idem
1963 2350 2271 2429 magister
2318 2348 2658 2412 Ladislaus

418 2466 605 2529 sicuti
661 2468 915 2529 assecla
970 2466 1173 2543 siduS‚
1232 2468 1407 2530 bona
1461 2466 1650 2530 bonis
1706 2467 2143 2532 accumulare·
2177 2465 2540 2545 satagendo
2596 2474 2660 2528 et

408 2583 658 2646 incolas
699 2583 876 2664 regni
923 2584 1123 2649 nostri
1172 2583 1235 2645 in
1282 2582 1750 2662 Machoviensi‚
1784 2582 2157 2660 Sirimiensi,
2208 2581 2658 2646 Crassoviensi

407 2706 473 2762 et
508 2698 917 2763 Temesiensi
965 2700 1254 2763 antefato
1300 2700 1690 2763 districtibus
1721 2718 1801 2762 ac
1840 2699 2254 2762 comitatibus
2299 2699 2653 2761 incolatum

407 2816 751 2894 habenteS‚
788 2833 903 2896 per
937 2824 1218 2879 turmam
1256 2817 1594 2897 pestiferas
1631 2823 1695 2880 et
1731 2817 2022 2880 hosticos
2059 2816 2343 2896 grandes
2378 2816 2659 2877 insultus
2762 2898 2768 2903 .

408 2950 837 3013 paganorum,
905 2933 1420 2996 scismaticorum
1479 2932 1963 2996 Rass'ciensium
2029 2939 2093 2994 et
2147 2930 2517 2994 Turcorum
2576 2948 2659 2993 ex

412 3047 695 3111 subdolo
770 3056 922 3111 astu
1000 3048 1585 3125 consederatorum‚
1662 3023 1943 3127 quorum
2023 3048 2359 3110 inhumani
2436 3047 2662 3126 rigoris

409 3165 760 3229 austeritas
824 3174 1049 3246 utpote
1112 3167 1365 3228 locuste
1423 3165 1486 3227 in
1552 3182 1780 3228 mense
1845 3164 2222 3244 pluralitatis
2288 3180 2371 3226 ex
2434 3163 2662 3242 abyssi

411 3288 612 3362 puteo
658 3282 745 3343 ad
789 3280 1165 3344 nocendum
1203 3282 1393 3345 nobis
1430 3289 1492 3344 et
1535 3282 1691 3361 ipsis
1739 3280 2078 3361 regnicolis
2124 3280 2361 3342 nostris
2406 3278 2664 3341 vicibus

413 3399 640 3462 sedule
672 3399 993 3479 replicatis
1012 3392 1450 3478 erumpentes,
1480 3416 1604 3462 nos
1631 3405 1695 3461 et
1727 3415 2002 3478 regnum
2034 3403 2331 3460 nostrum
2364 3395 2664 3475 nequiter

413 3515 744 3578 offendere
791 3515 1017 3577 maluit
1047 3523 1110 3577 et
1143 3515 1328 3578 ferire
1375 3532 1508 3577 non
1556 3515 1887 3577 modicum
1927 3514 1991 3576 in
2031 3512 2328 3593 personis
2365 3517 2428 3573 et
2467 3511 2664 3573 rebus

415 3630 764 3693 mobilibus
818 3638 882 3693 et
939 3630 1374 3694 immobilibus
1419 3631 1697 3693 afflictos
1756 3630 2126 3706 derobat05‚
2175 3628 2540 3691 exhaustos
2603 3632 2665 3688 et

414 3755 710 3825 exustos,
757 3746 838 3808 de
885 3746 1187 3809 saucibus
1233 3754 1296 3810 et
1349 3747 1688 3826 potestatis
1746 3747 1899 3826 iugo
1946 3747 2402 3824 anxietateque
2449 3741 2666 3804 valida

417 3864 739 3926 dictorum
775 3863 1293 3925 scismaticorum
1326 3862 1391 3925 in
1421 3863 1919 3926 christianorum
1951 3879 2181 3924 necem
2224 3868 2287 3923 et
2326 3858 2663 3939 sanguinis

418 3979 810 4043 effusionem
856 3980 1107 4059 absque
1146 3980 1458 4059 temporis
1498 3979 1830 4042 intervallo
1875 3978 2238 4040 immaniter
2278 3974 2664 4037 sevientium

415 4094 732 4174 devicere,
773 4097 1013 4176 eripere
1047 4104 1109 4160 et
1144 4097 1412 4159 liberare
1450 4095 1819 4158 anhelando
1860 4112 2014 4156 cum
2056 4092 2384 4154 nonnullis
2425 4088 2666 4151 nostris

417 4211 562 4275 fidis
626 4212 931 4275 militibus
985 4221 1049 4275 et
1103 4213 1480 4293 proceribus
1535 4229 1652 4292 pro
1709 4211 1974 4273 tuitione
2033 4217 2095 4272 et
2150 4206 2449 4270 custodia
2514 4221 2665 4266 con-

420 4327 718 4391 finiorum
789 4329 964 4408 regni
1031 4329 1233 4392 nostri
1298 4346 1412 4408 per
1477 4346 1601 4391 nos
1665 4327 1991 4406 deputatis
2053 4344 2130 4387 ac
2187 4324 2326 4386 suis
2394 4320 2665 4402 propriis

418 4444 685 4505 armatis
749 4444 1174 4524 complicibus
1236 4445 1537 4508 fidelibus
1602 4444 1841 4505 nostris
1918 4442 2173 4522 agnitis.
2220 4448 2283 4502 et
2348 4437 2668 4519 perceptis

420 4557 704 4622 adventu
752 4578 1067 4641 processu
1106 4570 1170 4624 et
1217 4561 1514 4640 ingressu
1562 4560 1854 4640 ipsorum
1902 4557 2348 4621 Rasciensium
2394 4564 2458 4618 et
2503 4552 2667 4615 Tur·
