3475 5200
1710 335 2100 391 ..232-

780 564 949 619 sunt.
1001 555 1238 620 Postea
1281 555 1512 619 videns
1559 556 1906 636 imperator
1972 572 2124 617 eum
2174 572 2308 620 non
2354 571 2554 636 posse
2601 553 2897 634 excipere
2944 554 3033 614 ab

778 664 1055 744 alpibus,
1110 665 1330 745 posuit
1376 664 1496 726 sibi
1543 663 1813 725 insidias
1862 663 1990 725 talli
2040 662 2241 725 modo
2286 662 2600 724 videlicet.

996 772 1260 834 Locavit
1307 771 1478 834 duos
1541 772 1741 833 bassa
1787 771 1851 832 in
1898 770 2159 832 duabus
2204 770 2495 849 partibus
2541 768 2604 830 in
2652 767 2853 844 silviS‚
2892 766 3034 847 ipse

779 886 999 942 autern
1067 879 1272 942 movit
1331 896 1410 942 se
1473 878 1705 942 iterum
1752 894 1986 941 versus
2050 877 2443 940 Danubium.
2510 876 2655 938 Hoc
2709 876 3034 938 intellecto

779 986 1154 1068 Stephanus
1199 986 1506 1066 vayvoda
1571 985 1767 1049 exivit
1816 986 1896 1048 de
1952 984 2230 1065 alpibuS‚
2279 993 2522 1065 putans
2576 984 3027 1064 imperatorem

779 1094 842 1156 in
889 1103 1100 1157 totum
1151 1094 1542 1157 reccessisse
1589 1110 1744 1155 cum
1791 1093 1969 1156 omni
2018 1093 2326 1155 exercitu.
2392 1091 2746 1172 Imperator
2808 1099 3029 1152 autem

663 1253 668 1258 .
776 1207 1129 1282 postquam
1162 1219 1314 1264 eum
1347 1201 1625 1264 exivisse
1663 1201 1746 1264 de
1780 1202 2036 1281 alpibus
2069 1200 2293 1277 sensit,
2343 1199 2657 1262 convertit
2695 1216 2768 1261 se
2802 1207 3029 1261 contra

655 1319 662 1326 ·
776 1327 930 1376 eum
978 1326 1130 1372 cum
1187 1310 1419 1389 copiis;
1488 1311 1573 1372 ab
1615 1310 1745 1371 alia
1790 1317 1970 1389 parte
2052 1310 2248 1372 etiam
2313 1308 2448 1371 duo
2497 1309 2716 1385 basse,
2788 1309 2898 1387 qui
2961 1307 3027 1368 in
3094 1379 3097 1382 Α

777 1416 1021 1479 insidiis
1071 1417 1344 1480 colocati
1410 1423 1613 1495 erant,
1681 1418 1899 1497 ipsum
1946 1417 2320 1495 vayvodam
2375 1434 2416 1477 a
2461 1423 2642 1495 tergo
2691 1414 3027 1478 consecuti

777 1541 928 1585 cum
977 1525 1283 1587 omnibus
1332 1525 1536 1604 copiis
1584 1524 1722 1587 suis
1776 1529 2283 1603 prostraverunt,
2351 1524 2438 1585 ita
2501 1529 2573 1585 ut
2637 1524 2777 1603 ipse
2844 1523 3028 1585 solus

775 1631 883 1692 vix
951 1631 1385 1693 duodecimus
1431 1632 1757 1709 evaderet,
1824 1637 1889 1693 et
1955 1631 2166 1696 dictus
2232 1630 2578 1710 imperator
2625 1648 2825 1710 supra
2872 1648 3025 1693 eum

777 1756 1086 1818 campum
1125 1739 1460 1802 obtineret.
1509 1738 1748 1801 Postea
1775 1738 2007 1801 videns
2053 1739 2181 1801 hoc
2214 1738 2564 1817 imperator
2607 1738 2864 1800 obsedit
2892 1738 3028 1799 duo

776 1851 991 1908 castra
1027 1846 1232 1926 ipsius
1279 1846 1583 1924 vayvode
1628 1853 1693 1908 et
1739 1847 1977 1927 incepit
2023 1845 2371 1909 fortissime
2428 1863 2823 1925 expugnare.
2874 1846 3028 1926 Quo

775 1953 1094 2020 intellecto
1144 1952 1389 2036 Ungari
1423 1954 1799 2016 coadunato
1848 1971 1973 2016 suo
2021 1954 2306 2018 exercitu
2352 1962 2672 2020 venerunt
2710 1955 2838 2028 sub
2868 1955 3022 2033 alpi·

772 2063 901 2124 bus
947 2060 1036 2124 ad
1079 2062 1491 2125 succurendo
1533 2056 1698 2142 (igy)
1750 2059 2089 2142 Stephano
2135 2061 2461 2140 vayvode,
2510 2061 2688 2140 quod
2734 2061 2845 2123 ubi
2884 2061 3023 2141 ipse

771 2169 1080 2248 vayvoda
1122 2168 1429 2248 cognovit
1464 2186 1616 2231 cum
1646 2169 1928 2248 reliquiis
1958 2168 2249 2248 gentium
2299 2186 2569 2230 suarum
2610 2185 2779 2247 quas
2808 2170 3024 2231 levare

771 2277 980 2357 potuit
1027 2276 1204 2337 venit
1249 2276 1513 2338 obviam
1560 2275 1698 2352 illiS,
1759 2283 1830 2338 ut
1878 2294 1949 2338 se
1996 2276 2114 2338 illis
2164 2276 2602 2355 coniungeret.
2671 2274 3025 2355 Imperator

771 2400 928 2452 vero
993 2381 1359 2451 Turcorum
1426 2384 1642 2446 statim
1689 2391 1763 2446 ut
1809 2384 2115 2446 intellexit
2180 2381 2590 2464 Stephanum
2644 2382 3022 2462 vayvodam

773 2507 924 2551 cum
987 2490 1271 2551 exercitu
1341 2488 1759 2569 Ungarorum
1825 2507 1975 2552 sese
2040 2490 2483 2566 coniunxisse,
2550 2490 2783 2552 relictis
2839 2491 3022 2552 bom-

773 2596 990 2659 bardis
1037 2606 1101 2658 et
1146 2598 1455 2660 omnibus
1502 2598 1860 2661 obsidionis
1908 2598 2353 2661 instrumentis
2385 2616 2517 2660 una
2551 2615 2701 2660 cum
2736 2598 3022 2661 exercitu

777 2721 903 2766 suo
951 2704 1126 2766 dedit
1170 2710 1424 2784 turpem
1473 2704 1718 2784 fugam.

987 2812 1143 2874 Item
1210 2812 1380 2887 dicit,
1430 2813 1613 2891 quod
1678 2830 1832 2875 cum
1888 2798 2244 2894 'imperator
2305 2812 2675 2875 Tuscorum
2742 2813 3028 2874 venisset

779 2919 864 2980 ad
898 2918 1277 2981 Danubium
1310 2926 1374 2982 et
1405 2920 1764 2984 audivisset
1796 2920 2104 3000 Ungaros
2136 2922 2356 2983 venire
2400 2926 2624 2982 contra
2655 2937 2748 2996 se,
2798 2920 3029 2981 relictis

776 3027 1084 3091 omnibus
1152 3027 1418 3089 curibus
1484 3035 1548 3089 et
1612 3029 1900 3090 camellis
1965 3046 2042 3091 ac
2109 3028 2303 3090 etiam
2362 3028 2502 3089 aliis
2566 3027 2836 3106 ingeniis
2896 3044 3031 3088 una

777 3152 928 3197 cum
998 3141 1137 3197 toto
1192 3133 1474 3196 exercitu
1525 3143 1806 3214 quatuor
1852 3135 2084 3198 diebus
2148 3135 2586 3198 transfretavit
2650 3133 3025 3196 Danubium

776 3260 971 3321 quem
1019 3241 1282 3320 quidem
1350 3242 1704 3304 exercitum
1769 3243 1950 3329 prius
2008 3243 2071 3305 in
2126 3243 2553 3323 quadraginta
2600 3250 2750 3304 octo
2798 3240 3035 3302 diebus

775 3350 1135 3411 traiecerat.

993 3456 1150 3518 Item
1173 3456 1342 3532 dicit,
1365 3457 1543 3535 quod
1563 3463 1914 3537 postquam
1939 3458 2318 3520 Danubium
2338 3446 2775 3519 transfretavit
2798 3470 3040 3516 omnes

783 3563 1008 3642 copias
1056 3581 1216 3626 suas
1263 3563 1534 3625 domum
1582 3564 1878 3642 remissit,
1926 3567 2109 3626 solus
2156 3572 2376 3627 autem
2423 3565 2506 3625 ad
2556 3563 2884 3642 Drenapol
2948 3561 3039 3622 ad

778 3670 1226 3748 hyemandum
1274 3671 1386 3732 ivit
1418 3678 1480 3737 et
1514 3671 1576 3733 in
1608 3677 1746 3733 tota
1780 3670 2099 3733 Romania
2146 3662 2323 3733 nunc
2375 3671 2624 3733 nullum
2673 3669 3036 3731 exercitum

778 3777 1154 3857 expeditum
1181 3778 1420 3852 habet,
1470 3777 1624 3857 quia
1670 3794 1924 3856 omneS,
1975 3780 2084 3857 qui
2133 3797 2285 3841 cum
2333 3796 2413 3840 eo
2460 3777 2730 3859 profecti
2756 3776 3041 3852 fuerant,-

780 3885 965 3964 quasi
1033 3886 1238 3947 maior
1293 3903 1452 3968 pars
1517 3886 1808 3965 equitum
1873 3895 2132 3966 propter
2196 3887 2438 3949 famem
2488 3885 2738 3965 pedites
2790 3883 3041 3945 reversi

780 4000 949 4057 sunt.
1016 3992 1143 4072 Qui
1197 4009 1361 4053 vero
1401 3986 1771 4055 Turco'rum
1800 3993 2125 4056 -habuere
2190 3994 2312 4055 XX
2378 4009 2590 4072 equos
2654 3983 2815 4070 (vix)
2880 4007 3043 4052 cum

779 4100 1041 4161 duobus
1107 4101 1346 4162 reversi
1404 4107 1577 4177 sunt,
1643 4107 1706 4162 et
1759 4101 1954 4163 etiam
2005 4109 2238 4182 gentes
2294 4119 2548 4179 omneS,
2597 4117 2724 4178 que
2771 4098 3049 4161 fuerunt

782 4222 932 4267 cum
982 4208 1278 4286 Alibegh,
1326 4208 1406 4269 illi
1451 4209 1793 4289 presertim
1843 4209 1953 4288 qui
2003 4209 2265 4271 fuerunt
2306 4209 2580 4270 alicuius
2612 4196 3052 4286 reputationis

778 4312 1089 4376 interfecti
1139 4322 1202 4376 et
1247 4316 1471 4378 amissi
1520 4324 1691 4378 sunt.

997 4420 1155 4484 Item
1200 4423 1612 4486 serenissime
1665 4442 1780 4486 rex
1828 4424 2134 4486 miseram
2199 4424 2552 4503 quemdam
2608 4430 3052 4487 mercatorem

783 4528 865 4590 de
897 4526 1296 4590 Namdralba
1343 4530 1428 4591 ad
1477 4529 1777 4594 Smedrio
1826 4533 1910 4593 ad
1958 4532 2254 4611 Allibegh
2297 4538 2360 4594 et
2392 4523 2904 4610 commisera(m)
2959 4530 3052 4608 ei,

3242 3 3440 274 Ἷ
