3475 5200
1413 369 1768 422 ..67-

1423 589 1757 651 CXXXIII.

1194 750 1410 828 Euda,
1459 748 1654 814 1421.
1706 746 1874 830 ma'j.
1921 748 1984 811 2.

465 882 758 948 ZSIgmond
817 882 982 949 kiraly
1037 885 1352 949 meghagyja
1386 899 1417 933 a
1454 884 1629 934 leleszi
1688 883 2043 944 konventnek,
2092 887 2294 936 tartson
2334 881 2651 947 vizsgalatot
2685 900 2719 933 a

469 972 742 1038 Medgyesi
782 971 946 1023 Janos
983 970 1089 1023 ban
1113 973 1198 1034 fia,
1239 973 1417 1023 Simon
1445 969 1504 1022 es
1542 987 1573 1021 a
1609 968 2018 1035 nagybanyaiak
2060 971 2244 1021 kozott
2279 970 2524 1036 sensorgo
2554 974 2717 1023 batal-

464 1060 772 1112 ‘maskodasi
811 1062 1039 1127 iigyben,
1079 1063 1269 1126 melyet
1297 1078 1328 1112 a
1364 1061 1502 1112 felek
1539 1058 2075 1124 kozmegegyezessel
2114 1058 2261 1110 Peter
2298 1059 2486 1122 flamm,
2515 1060 2714 1111 Istvan-

469 1152 591 1214 nak,
621 1150 932 1202 Lazarevics
968 1150 1146 1202 Istvan
1172 1149 1291 1202 πάσι
1317 1153 1577 1216 deszpota
1614 1147 1956 1199 Szatmarban
1992 1148 2307 1200 tartozkodo
2344 1145 2721 1201 tarnokmeste-

592 1238 751 1291 renelt
788 1239 846 1291 es
887 1239 1059 1291 Vetesi
1101 1238 1287 1291 Laszlo
1328 1238 1516 1302 fianak,
1554 1241 1825 1290 Jakabnak
1868 1231 2089 1290 dontese
2129 1238 2212 1290 ala
2250 1238 2598 1291 bocstitottak.

697 1358 1156 1440 Sigismundus
1178 1345 1304 1422 'dei
1338 1361 1541 1439 gratia
1566 1356 2013 1422 Romanorum
2047 1376 2161 1421 rex
2192 1377 2451 1439 semper
2480 1378 2723 1440 augus-

479 1476 585 1530 tus
633 1485 712 1529 ac
761 1467 1110 1546 Hungarie,
1160 1466 1491 1545 Bohemie,
1526 1467 1866 1545 Dalmatie,
1917 1467 2171 1531 Croatie
2205 1474 2324 1529 etc.
2360 1485 2488 1529 reX.
2538 1468 2588 1529 F
2591 1467 2721 1531 ide-

477 1576 648 1637 libus
695 1576 835 1637 suis
883 1576 1232 1636 conventui
1266 1574 1535 1636 ecclesie
1583 1576 1664 1636 de
1712 1574 1902 1636 Lelez
1959 1575 2237 1637 salutem
2304 1581 2368 1636 et
2429 1575 2721 1655 gratiam.

479 1682 727 1744 Dicitur
773 1682 963 1744 nobis
1011 1683 1074 1744 in
1125 1699 1407 1761 persona
1454 1680 1767 1761 Symonis
1817 1682 1923 1742 filii
1971 1680 2290 1750 Johannis
2323 1682 2428 1744 filii
2461 1683 2610 1745 bani
2643 1684 2727 1748 de

481 1788 755 1868 Megges
802 1789 977 1868 quod
1027 1789 1089 1851 in
1137 1806 1312 1851 anno
1361 1789 1487 1850 iam
1521 1790 1813 1869 proxime
1847 1789 2142 1869 preterito
2176 1787 2484 1851 Nicolaus
2516 1790 2726 1852 dictus

483 1897 685 1959 Pesce
732 1914 811 1958 ac
859 1897 1149 1958 nonnulli
1195 1896 1528 1959 monetarii
1560 1896 1761 1958 nostri
1795 1897 1876 1957 de
1917 1895 2145 1958 Rivulo
2188 1896 2610 1958 Dominarum
2643 1897 2728 1959 ad

483 2004 809 2084 prefatum
831 2047 837 2054 -
858 2003 1200 2066 Nicolaum
1246 2003 1581 2065 venientes
1629 2003 1968 2082 taliterque
2014 2004 2132 2065 sibi
2190 2004 2527 2088 conquesti
2573 2004 2729 2066 fuis·

477 2118 651 2187 sent,
679 2111 857 2190 quod
902 2111 1164 2190 quidem
1197 2111 1453 2190 iobagio
1485 2111 1688 2190 ipsius
1717 2111 1898 2189 ipsos
1923 2111 2125 2173 tribus
2154 2110 2340 2190 equis
2377 2128 2458 2171 ac
2489 2129 2727 2174 novem

487 2220 790 2281 homines
852 2219 936 2280 ad
1005 2219 1186 2298 ipsos
1251 2218 1642 2298 pertinentes
1711 2217 1997 2280 similiter
2060 2235 2287 2280 eorum
2342 2218 2533 2281 boniS
2579 2236 2731 2298 erga

483 2343 607 2388 eos
673 2325 910 2389 habitis
975 2326 1386 2405 spoliassent,
1454 2327 1722 2406 ipseque
1783 2326 2077 2387 videlicet
2123 2322 2376 2404 Symon
2424 2326 2543 2387 hec
2592 2342 2729 2405 per-

491 2433 790 2514 cipiendo
837 2434 1022 2496 dictis
1086 2433 1459 2496 monetariis
1525 2439 1775 2495 certum
1833 2433 2179 2494 terminum
2238 2433 2620 2512 prefixisset,
2670 2433 2731 2494 in

485 2559 623 2620 quo
655 2539 904 2604 eisdem
947 2540 1320 2604 monetariis
1365 2557 1448 2604 ex
1495 2529 1675 2621 parte
1722 2540 1869 2602 dicti
1903 2541 2004 2603 sui
2038 2539 2401 2621 iobagionis
2431 2537 2735 2603 iustitiam

491 2648 779 2710 debitam
828 2648 1130 2717 exhibere
1177 2648 1530 2712 debuisset.
1569 2648 1715 2729 Que
1763 2650 2025 2729 quidem
2054 2649 2330 2711 termino
2362 2657 2737 2712 occurrente

493 2755 623 2816 iam
671 2755 858 2817 dictis
905 2756 1276 2818 monetariis
1309 2755 1776 2819 adherentibus
1811 2774 2008 2837 super
2035 2756 2368 2836 premissis
2399 2763 2738 2836 prenotato

495 2862 822 2942 iobagioni
887 2880 1005 2943 pro
1072 2880 1195 2925 sua
1262 2864 1733 2943 expurgatione
1781 2862 2099 2943 vigesimo
2146 2863 2372 2942 quinto
2419 2880 2491 2925 se
2538 2862 2739 2926 homi-

495 2970 691 3032 nibus
738 2952 1170 3033 iuramentum
1239 2970 1567 3051 prestandi
1632 2971 2002 3047 iudicasset,
2068 2971 2459 3050 predictique
2520 2966 2741 3032 mone·

500 3078 636 3138 tarii
725 3077 1099 3139 huiusmodi
1177 3078 1482 3139 iudicium
1555 3094 1667 3156 per
1746 3077 1960 3156 ipsum
2048 3075 2391 3139 Nicolaum
2478 3086 2743 3161 exparte

501 3183 829 3264 prescripti
877 3185 976 3246 sui
1023 3184 1386 3264 lobagionis
1444 3185 1754 3246 exibitum
1811 3183 2073 3245 minime
2119 3191 2459 3264 acceptare
2503 3185 2743 3246 voluis-

504 3298 669 3367 sent,
719 3291 972 3370 hosque
1020 3291 1113 3353 sic
1160 3309 1233 3354 se
1281 3291 1504 3353 habito
1553 3291 1616 3352 in
1668 3291 2085 3353 concordiam
2118 3290 2355 3353 ibidem
2389 3290 2743 3371 interscrip-

503 3405 610 3459 tus
658 3407 889 3460 mutuo
939 3399 1260 3460 celebrata
1308 3416 1578 3460 causam
1627 3398 1981 3478 predictam
2029 3406 2165 3460 tam
2212 3398 2423 3461 dictus
2470 3396 2742 3478 Symon,

463 3502 702 3583 'quam
750 3507 1068 3586 prenotati
1119 3506 1456 3568 monetarii
1521 3506 1779 3568 arbitrio
1848 3513 1912 3568 et
1962 3505 2745 3593 dispositione-Stephani

511 3611 610 3673 filii
659 3614 823 3675 Petri
869 3613 1155 3693 magistri
1222 3614 1461 3676 scilicet
1507 3615 1984 3675 tavernicorum
2047 3615 2111 3675 in
2170 3630 2450 3692 persona
2498 3612 2748 3692 despoti

509 3719 692 3782 ducis
759 3720 986 3783 Rascie
1050 3722 1112 3782 in
1180 3722 1435 3783 civitate
1507 3731 1730 3783 nostra
1798 3720 2261 3783 Sathmariensi
2329 3720 2614 3800 deputati
2686 3726 2794 3787 et,

489 3825 731 3911 ‘Jacobi
779 3827 886 3889 filii
933 3827 1208 3890 Ladislai
1241 3828 1323 3890 de
1346 3828 1600 3891 -Vethes
1637 3828 2097 3890 submisissent
2129 3828 2431 3903 eomod0,
2466 3835 2537 3889 ut
2567 3826 2749 3906 quid-

509 3951 708 4012 quam
755 3934 947 3998 iidem
995 3936 1127 3997 duo
1176 3935 1424 3998 nobiles
1472 3935 1633 3997 inter
1662 3936 1843 4014 ipsos
1892 3935 1954 3996 ln
2002 3935 2375 3996 huiusmodi
2423 3935 2597 3996 sacto
2625 3933 2752 3997 dis-

501 4047 756 4120 ·ponent
819 4042 990 4104 idem
1052 4049 1189 4105 tam
1253 4043 1541 4122 prefatus
1606 4041 1883 4121 Symon,
1940 4060 2140 4122 quam
2195 4042 2453 4103 antelati
2527 4041 2751 4121 prefati

515 4149 847 4213 monetarii
894 4168 1011 4229 pro
1060 4157 1197 4212 rato
1245 4158 1308 4212 et
1345 4151 1563 4230 quieto
1595 4156 1934 4231 acceptare
1981 4155 2290 4239 tenerent,
2339 4149 2446 4227 qui
2493 4148 2753 4228 quidem

511 4257 725 4320 arbitri
773 4257 995 4319 habita
1025 4258 1186 4319 inter
1232 4275 1304 4320 se
1353 4257 1875 4319 deliberationem
1923 4264 2245 4318 maturam
2292 4257 2486 4317 talem
2525 4256 2759 4319 diffini-

514 4362 756 4428 ti0nem
805 4383 1006 4427 causa
1039 4365 1103 4428 in
1135 4365 1450 4445 premissa
1479 4363 1805 4441 fecissent,
1840 4372 1913 4426 ut
1952 4364 2072 4443 ipsi
2103 4362 2438 4425 monetarii
2471 4364 2757 4426 median-

511 4470 688 4535 tibus
720 4489 949 4535 eorum
982 4473 1344 4534 luramento
1378 4479 1456 4533 et‘
1475 4471 1875 4534 conscientia
1916 4472 2136 4534 omnia
2179 4471 2500 4551 premissa
2531 4488 2757 4533 eorum

509 4579 803 4660 dampna
850 4581 1069 4642 tollere
1116 4588 1178 4643 et
1225 4579 1507 4659 recipere
1554 4578 1863 4641 deberent
1895 4579 1975 4641 de
2006 4594 2138 4657 quo
2169 4578 2454 4642 iudicum
2502 4579 2564 4640 in
2597 4578 2764 4641 diffi-

2477 4698 2545 4749 5*
