3475 5200
1696 343 2085 396 —352—

767 572 841 627 ut
886 565 1140 627 interim
1187 564 1275 627 ita
1321 581 1393 626 se
1440 563 1592 625 huic
1639 568 1866 624 nostro
1909 561 2202 624 'consilio
2268 568 2332 623 et
2395 562 2713 623 voluntati
2760 578 3014 624 accom-

770 660 1085 748 modaret,
1153 678 1224 733 ut
1288 670 1771 750 quamprimum
1838 669 2030 750 nobis
2094 669 2530 748 significatum
2578 675 2752 731 esset
2796 669 3014 730 venire

771 779 1227 842 citra‘moram
1275 785 1519 858 posset.
1572 776 1741 839 Cum
1791 778 2007 856 itaque
2054 776 2384 857 wayvoda
2432 781 2673 853 noster,
2741 777 2853 855 qui
2898 775 3017 838 fuit

774 889 838 949 in
886 886 1336 965 expectatione
1384 885 1693 947 hesterno
1743 883 1844 946 die
1891 883 1975 945 ad
2024 901 2148 947 nos
2194 884 2459 961 venerit,
2509 884 2851 947 hortamus
2896 872 3018 947 vos

774 1001 834 1057 et
886 1008 1217 1073 rogamus,
1275 999 1347 1055 ut
1395 992 1624 1054 castris
1668 990 1904 1054 vestris
1969 1008 2050 1053 eo
2099 991 2323 1053 ordine
2371 991 2624 1069 relictiS,
2689 999 2764 1054 ut
2806 1008 3018 1071 usque

774 1101 858 1161 ad
903 1108 1194 1164 vestrum
1229 1090 1517 1161 'reditum
1565 1106 1629 1160 et
1674 1099 1761 1160 ab
1808 1098 2110 1161 hostibus
2155 1105 2298 1160 tuta
2344 1115 2609 1160 manere
2656 1098 2912 1177 possint
2957 1104 3019 1160 et

774 1208 1096 1270 exercitus
1144 1224 1274 1269 non
1325 1207 1785 1281 dissolvantur,
1853 1223 2005 1267 cum
2053 1206 2299 1285 aliquot
2361 1206 2533 1283 viriS,
2600 1206 2689 1267 rei
2735 1203 3018 1267 militaris

778 1315 989 1393 peritis
1034 1314 1119 1376 ad
1166 1329 1291 1376 nos
1356 1314 1683 1376 celerrime
1749 1313 2127 1393 properetis.
2176 1312 2475 1393 Tempus
2543 1314 2716 1375 enim
2763 1318 2885 1389 est,
2950 1316 3020 1372 ut

778 1425 858 1485 de
904 1439 1166 1484 summa
1213 1435 1428 1483 rerum
1476 1421 1739 1483 consilia
1791 1421 1955 1482 inter
1997 1437 2122 1483 nos
2169 1422 2753 1498 communicemus,
2801 1426 2865 1481 et
2898 1436 3021 1498 que

782 1549 894 1609 pro
940 1523 1323 1591 defensione
1370 1545 1720 1608 regnorum
1779 1536 2150 1591 nostrorum
2200 1535 2387 1589 erunt
2433 1527 2710 1607 agenda,
2758 1528 3021 1589 tandem

782 1654 1204 1717 exequamur,
1254 1636 1308 1699 si
1356 1653 1553 1716 quem
1601 1635 1743 1697 istic
1813 1633 2069 1697 habetis
2115 1636 2327 1697 virum
2375 1634 2707 1712 idoneum,
2755 1635 2866 1713 qui
2913 1652 3023 1715 per

782 1749 906 1807 hoc
953 1743 1237 1807 triduum
1304 1744 1542 1822 (neque
1591 1744 1764 1805 enim
1811 1743 2053 1805 diutius
2118 1760 2242 1804 vos
2291 1739 2751 1818 detinebimus)
2798 1742 3027 1804 castris

782 1861 846 1913 et
894 1852 1279 1914 exercitibus
1324 1851 1473 1913 loco
1520 1851 1716 1912 vestri
1782 1850 1990 1930 possit
2047 1867 2332 1929 preesse,
2399 1857 2774 1930 pergratum
2840 1847 3026 1911 nobis

782 1961 915 2035 erit,
962 1956 1037 2020 ut
1083 1976 1235 2020 eum
1284 1958 1648 2038 preficiatis,
1715 1958 2002 2037 alioquin
2060 1958 2316 2038 egimus
2364 1975 2517 2020 cum
2566 1955 2756 2019 fidele
2805 1963 3026 2018 nostro

786 2066 1131 2146 magnifico
1159 2065 1412 2128 Joanne
1442 2064 1712 2145 Dragff?
1749 2065 2277 2128 thavernicorum
2303 2073 2676 2144 nostrorum
2697 2066 3026 2144 magistro,

786 2192 981 2253 quem
1013 2173 1099 2235 ad
1126 2191 1250 2236 vos
1280 2179 1726 2235 accersentem
1760 2174 2078 2251 misimuS‚
2105 2179 2177 2235 ut
2209 2174 2348 2253 ipse
2380 2190 2593 2251 usque
2623 2172 2708 2233 ad
2742 2179 3028 2233 vestrum

790 2282 1084 2359 reditum,
1132 2288 1386 2342 vestras
1432 2280 1613 2341 vices
1662 2286 1725 2341 et
1772 2297 1974 2342 onera
2031 2280 2172 2341 istic
2219 2282 2347 2342 sub
2392 2280 2577 2341 titulo
2623 2285 2848 2341 nostre
2894 2295 3030 2357 per-

786 2407 949 2450 sone
996 2387 1164 2467 regis
1211 2388 1545 2450 sustineat.
1594 2386 1745 2450 Non
1792 2395 2012 2449 tamen
2049 2394 2233 2467 putet
2270 2386 2546 2448 fidelitas
2576 2393 2797 2448 vestra
2828 2386 3030 2447 hono-

790 2513 922 2557 rem
973 2501 1036 2557 et
1083 2494 1791 2572 authoritatemsuam,
1833 2495 2022 2556 cuius
2072 2495 2448 2574 precipuam
2498 2494 2822 2555 habemus
2852 2492 3032 2553 ratio·

794 2620 964 2678 nem,
1031 2619 1155 2665 nos
1220 2602 1283 2663 in
1351 2619 1430 2664 ea
1494 2619 1561 2664 re
1608 2604 1898 2665 voluisse
1966 2599 2320 2665 offendere.
2390 2599 2563 2663 Nam
2629 2601 2749 2662 nisi
2815 2607 3031 2661 vestra

794 2711 1098 2770 voluntas
1163 2708 1529 2783 accesserit,
1598 2709 1662 2771 id
1726 2708 2018 2771 officium
2083 2709 2422 2771 Johannes
2489 2708 2755 2787 DragffY
2832 2708 3030 2769 nullo-

794 2817 993 2878 modo
1040 2815 1351 2896 suscipiet
1397 2823 1460 2878 et
1506 2817 1562 2878 si
1610 2834 1809 2896 quem
1856 2817 2208 2893 volueritis,
2234 2816 2434 2878 alium
2475 2815 2786 2896 preficere
2816 2818 3033 2876 v'estro

794 2922 1049 2986 arbitrio
1096 2923 1403 3003 poteritis.
1471 2924 1809 3004 Rogamus
1856 2924 2109 3001 iterum,
2176 2931 2248 2985 ut
2312 2941 2575 2986 summa
2620 2940 2773 2985 cum
2823 2921 3032 2985 celeri·

794 3042 923 3094 tate
970 3031 1266 3108 veniatis,
1313 3031 1439 3092 alia
1492 3032 1836 3111 explicabit
1882 3032 2169 3094 fidelitati
2223 3040 2436 3094 vestre
2483 3039 2709 3094 nostro
2774 3029 3035 3093 nomine

798 3142 966 3202 idem
1013 3139 1352 3201 Johannes
1399 3138 1690 3218 DragffY,
1740 3140 1844 3201 cui
1892 3138 2088 3201 fidem
2154 3140 2459 3202 adhibeat
2523 3146 2587 3200 et
2652 3155 2850 3200 secus
2905 3153 3035 3199 non

798 3246 1029 3310 fecerit.
1080 3246 1322 3308 Datum
1371 3263 1452 3308 ex
1498 3246 1741 3327 oppido
1789 3245 2018 3323 Batha,
2085 3247 2243 3309 feria
2308 3253 2495 3308 sexta
2542 3245 2840 3326 proxima
2888 3251 3038 3306 ante

798 3354 1036 3416 festum
1106 3354 1516 3416 exaltationis
1582 3361 1810 3416 sancte
1858 3352 2106 3431 CruciS‚
2174 3371 2349 3416 anno
2407 3352 2653 3415 domini
2700 3352 3041 3414 millesimo

566 3446 778 3570 ⁵23¹&
798 3460 1318 3542 quingentesimo
1364 3458 1684 3541 vigesimo
1733 3463 1961 3540 primo.

886 3673 1256 3736 Ludovicus
1320 3691 1434 3735 rex

923 3798 1126 3845 manu
1158 3783 1429 3863 propria.

1014 4011 1221 4076 Kiviil
1240 4032 1256 4071 .·
1324 4012 1670 4094 Spectabili
1743 4022 1807 4077 et
1851 4015 2204 4094 magnifico
2271 4013 2609 4095 Stephano
2674 4013 2756 4076 de
2803 4013 3046 4078 Bathor

802 4122 977 4202 regni
1026 4123 1227 4185 nostri
1275 4120 1607 4202 Hungarie
1654 4122 1938 4201 palatino
1986 4122 2201 4185 comiti
2234 4121 2687 4184 Themesiensi
2718 4128 2840 4183 etc.
2876 4121 3046 4184 fideli

802 4230 992 4291 nobis
1037 4234 1314 4311 syncere
1362 4230 1613 4293 dilecto.

1020 4439 1242 4503 Eredeti,
1280 4405 1455 4507 papir,>
1486 4440 1721 4493 zerlatan
1759 4439 1939 4507 pecset
1977 4442 2295 4506 nyomaival.
2334 4442 2404 4491 M.
2445 4439 2508 4491 O.
2550 4440 2611 4492 D.
2650 4439 2708 4492 L.
2750 4441 2943 4492 23584.
2970 4455 3048 4490 sz.
