3475 5200
1368 364 1718 416 -65-

419 593 635 648 vestre
655 585 978 647 serenitati
1002 586 1295 665 cogimur
1314 585 1611 661 scribere,
1633 585 1811 662 quod
1837 591 2052 647 vestra
2078 585 2393 647 serenitas
2414 602 2454 645 a
2474 585 2661 664 pluri-

421 695 549 756 bus
580 695 707 756 iam
738 693 1109 772 retrolapsis
1137 691 1369 754 diebus
1398 693 1478 753 de
1509 691 1671 754 felici
1704 699 1879 754 statu
1904 700 1968 755 et
1992 694 2318 773 prosperis
2349 693 2667 754 successi-

420 804 550 864 bus
570 802 710 863 suis
730 800 1084 879 quidquam
1107 800 1296 862 nobis
1316 801 1578 861 minime
1600 800 1892 862 intimare
1920 801 2183 862 curavit.
2206 798 2669 879 Supplicamus

423 910 612 988 igitur
635 908 847 970 eidem
887 915 1099 970 vestre
1129 906 1452 974 serenitati
1492 908 1903 988 presentibus
1940 908 2199 985 obnixe,
2233 913 2559 985 quatenus
2589 908 2669 970 de

423 1018 601 1078 bono
633 1023 808 1078 statu
840 1021 902 1077 et
936 1015 1228 1077 felicibus
1248 1016 1671 1077 successibus
1695 1017 1927 1078 vestris
1950 1016 2299 1094 dignemini
2322 1033 2447 1077 nos
2477 1014 2669 1077 insor-

424 1141 624 1200 mare,
664 1141 819 1185 nam
853 1123 1315 1185 recreationem
1348 1130 1412 1185 et
1444 1123 1956 1185 consolationem
2011 1124 2357 1202 recipimus
2411 1139 2671 1201 semper

423 1233 869 1311 specialem,et
889 1232 1103 1293 solum
1125 1247 1241 1309 pro
1261 1239 1418 1291 tunc
1437 1231 1541 1292 leti
1564 1247 1711 1293 esse
1731 1246 2113 1310 possumuS,
2128 1248 2330 1308 quum
2353 1232 2433 1292 de
2453 1237 2672 1291 vestra

426 1339 768 1401 serenitate
819 1355 1131 1418 prospera
1172 1339 1538 1400 audiemus,
1580 1339 1877 1400 Preterea
1915 1338 2473 1417 quemadmodum
2512 1338 2673 1399 alias

423 1454 636 1509 vestre
669 1446 991 1508 serenitati
1024 1447 1398 1509 dixeramus
1427 1446 1603 1524 quod
1634 1445 1945 1508 Nicolaus
1976 1444 2058 1507 de
2080 1445 2367 1508 Haholth
2399 1444 2670 1507 domum

428 1563 716 1616 nostram
754 1555 1164 1616 subtraxerat
1191 1555 1382 1616 nobis
1413 1555 1687 1633 plurima
1734 1556 2022 1632 dampna
2054 1553 2389 1615 inferendo
2449 1551 2674 1632 Nuper

427 1662 769 1724 Ladislaus
789 1664 869 1724 de
891 1662 1062 1723 dicta
1083 1661 1370 1724 Haholth
1391 1662 1474 1723 ad
1489 1679 1611 1722 nos
1622 1662 1893 1723 veniens
1904 1661 2084 1722 aliter
2102 1678 2227 1724 nos
2239 1659 2667 1737 defraudavit,

426 1770 602 1847 quod
622 1769 705 1830 ad
727 1786 853 1832 nos
863 1770 1186 1832 veniendo
1208 1770 1479 1848 rogabat
1499 1777 1570 1832 ut
1589 1770 1806 1848 ipsum
1828 1768 2169 1831 Nicolaum
2192 1768 2453 1830 fratrem
2473 1786 2669 1830 suum

425 1877 822 1953 audiremuS,
871 1877 973 1939 sui
1021 1877 1501 1958 respondimuS,
1560 1880 1738 1956 quod
1798 1878 2013 1956 ipsum
2070 1877 2293 1938 audire
2351 1885 2416 1937 et
2459 1876 2545 1936 ab
2592 1892 2672 1937 eo

427 2001 722 2060 causam,
773 2001 891 2046 cur
937 1984 1208 2046 domum
1266 1998 1561 2046 nostram
1619 1984 1940 2047 subtraxit
1993 1984 2265 2046 libenter
2320 1985 2485 2045 scire
2540 1984 2669 2045 vel·

425 2093 655 2153 lemus.
692 2091 818 2172 Qui
855 2099 1207 2171 postquam
1245 2091 1420 2168 vidit,
1463 2092 1640 2171 quod
1674 2092 1797 2153 ista
1829 2092 1946 2153 sibi
1981 2092 2357 2168 annuimus,
2401 2090 2673 2170 rogabat

425 2215 550 2260 nos
605 2199 894 2276 ulterius,
944 2208 1014 2262 ut
1065 2200 1281 2278 ipsum
1337 2199 1680 2261 Nicolaum
1737 2199 1890 2260 item
1948 2198 2031 2259 ad
2090 2215 2216 2260 nos
2275 2198 2554 2277 recipere
2609 2204 2673 2258 et

429 2305 806 2368 huiusmodi
855 2305 1042 2368 nefas
1090 2314 1154 2369 et
1192 2307 1479 2386 dampna
1521 2324 1635 2386 per
1659 2307 1943 2368 eundem
1974 2306 2404 2368 commissum
2440 2313 2503 2366 et
2536 2320 2672 2384 per-

427 2420 674 2493 petrata
715 2414 925 2476 eidem
965 2413 1295 2493 indulgere
1336 2414 1768 2493 dignaremur.
1814 2413 1898 2476 Et
1929 2414 2081 2491 quia
2119 2413 2184 2475 id
2216 2412 2434 2475 facere
2468 2413 2671 2475 nolui-

432 2539 603 2599 mus,
653 2521 793 2601 ipse
839 2537 922 2582 ex
946 2522 1224 2584 adverso
1256 2522 1528 2583 sorrexit
1564 2528 1627 2582 et
1664 2522 1931 2583 recessit
1970 2527 2033 2582 et
2075 2521 2293 2601 ipsum
2328 2519 2670 2582 Nicolaum

428 2631 620 2692 nobis
678 2647 810 2691 non
870 2629 1279 2710 presentavit.
1329 2629 1562 2692 Vestra
1608 2636 1829 2690 autem
1878 2630 2191 2695 serenitas
2250 2636 2465 2709 potest
2521 2646 2673 2692 con-

428 2737 731 2815 siderare,
782 2737 834 2800 si
886 2738 1061 2798 illum
1109 2738 1217 2816 qui
1267 2736 1537 2799 domum
1596 2743 1886 2799 nostram
1943 2738 2261 2799 subtraxit
2307 2743 2371 2798 et
2418 2744 2672 2798 tantum

428 2846 682 2925 nephas
729 2844 1072 2920 commisit,
1132 2843 1362 2906 iterum
1409 2844 1492 2905 ad
1542 2861 1666 2906 nos
1715 2844 1994 2924 recipere
2052 2844 2386 2923 possimus
2433 2861 2520 2905 an
2568 2860 2669 2905 ne.

429 2951 890 3032 Supplicamus
939 2951 1126 3030 igitur
1171 2958 1386 3023 vestre
1434 2952 1759 3014 serenitati
1808 2959 1879 3014 ut
1925 2954 2385 3031 possessiones
2435 2959 2497 3012 et
2540 2952 2677 3013 iura

428 3058 948 3139 possessionaria
990 3058 1138 3120 dicti
1186 3058 1432 3121 Nicolai
1474 3066 1590 3121 aut
1633 3059 2097 3122 fideiussorum
2146 3078 2418 3123 suorum
2466 3061 2678 3122 donec

429 3167 512 3229 de
558 3166 860 3245 dampnis
919 3183 1033 3245 per
1089 3167 1305 3246 ipsum
1343 3173 1438 3228 ,ut
1499 3165 1719 3229 feritur
1778 3168 1963 3228 illatis
2021 3168 2212 3229 nobis
2267 3167 2678 3229 satisfactum

429 3274 638 3349 suerit,
681 3274 872 3336 nobis
912 3275 1289 3336 satisfacere
1329 3275 1698 3354 dignemini.
1735 3274 1860 3336 Pro
1895 3281 2108 3337 cetero
2150 3275 2323 3336 enim
2369 3292 2500 3336 non
2540 3282 2680 3335 tan-

431 3388 569 3443 tum
625 3381 927 3444 dolemus
983 3381 1064 3443 de
1121 3382 1430 3463 dampn0,
1488 3383 1655 3444 sicut
1711 3382 1793 3444 de
1850 3384 2162 3444 scandalo
2211 3382 2274 3442 in
2324 3382 2447 3443 hac
2500 3389 2680 3461 parte

436 3489 806 3566 connniSSO‚
857 3506 1009 3551 nam
1049 3489 1104 3550 si
1146 3489 1266 3551 iste
1304 3489 1384 3551 de
1429 3496 1611 3551 tanto
1659 3490 1903 3551 scelere
1950 3490 2309 3569 impunitus
2357 3487 2679 3564 evaderet,

437 3595 531 3656 alii
576 3595 663 3657 ad
708 3595 1174 3657 committenda
1220 3596 1451 3658 similia
1496 3597 1685 3658 citius
1731 3597 2205 3658 inclinarentur.

644 3703 887 3765 Datum
909 3702 1207 3783 Strigonii
1229 3704 1508 3765 'sabbato
1528 3705 1826 3784 proximo
1847 3710 1996 3765 ante
2019 3703 2413 3765 dominicam
2437 3702 2678 3765 Letare.

1160 3884 1455 3946 eiusdem
1501 3890 1713 3945 vestre
1763 3883 2126 3945 serenitatis
2175 3883 2457 3945 devotus

1019 3992 1355 4054 Johannes
1392 3991 1924 4069 archiepiscopus
1971 3987 2431 4070 Strigoniensis
2470 3998 2589 4053 etc.

647 4203 890 4268 Kivm:
939 4204 1373 4269 Serenissimo
1421 4206 1684 4285 principi
1737 4212 1800 4268 et
1850 4206 2116 4268 domino
2164 4194 2430 4268 domino
2485 4204 2681 4285 Sigis-

443 4314 682 4376 mundo
721 4313 824 4375 dei
870 4314 1076 4394 gratia
1115 4314 1559 4377 Romanorum
1602 4314 1730 4392 regi
1774 4331 2033 4394 semper
2072 4321 2358 4392 augusto
2388 4330 2467 4376 ac
2501 4314 2682 4377 Hun-

443 4421 608 4497 garie
656 4429 772 4485 etc.
823 4422 954 4501 regi
1001 4422 1269 4484 domino
1315 4428 1541 4485 nostro
1587 4422 2078 4501 gratiosissimo.

645 4579 874 4644 Eredeti,
913 4581 1080 4645 papir,
1120 4578 1350 4631 zai-latim
1387 4578 1570 4645 pecset
1608 4580 1925 4645 nyomaival,
1964 4580 2033 4630 Μ.
2077 4580 2139 4630 Ο.
2191 4579 2251 4631 D.
2293 4581 2349 4631 L.
2398 4581 2585 4631 10672.

541 4700 904 4757 Manu-amb
932 4701 1333 4747 osszekbttetesek
1361 4699 1658 4745 okleveltfira.
2443 4687 2475 4737 5

2736 3664 2877 3715 (1418)

2700 3735 2916 3778 marcae.
