3475 5200
1736 338 2124 417 -3gg-

805 559 965 619 altro
1013 574 1087 641 se
1132 575 1225 621 no
1267 558 1391 621 che
1436 558 1500 625 io
1547 575 1654 622 me
1699 557 2098 646 reeomando
2143 557 2228 621 ad
2258 559 2367 624 voi
2413 566 2477 622 et
2520 559 2605 622 ad
2636 559 2796 623 tucti
2825 559 2869 623 li
2908 558 3048 626 frati

805 683 841 727 e
897 664 1108 727 anche
1175 664 1705 746 principalmente
1770 681 1853 727 ve
1917 666 2317 746 recomando
2382 667 2442 750 el
2487 666 2760 730 vecchio
2825 674 3049 738 nostro

625 835 733 883 iffi
805 779 1038 835 sancto
1104 788 1142 835 e
1188 772 1351 855 frate
1399 771 1769 842 Ambrosio
1833 769 2048 851 Supra
2113 773 2358 852 flumen
2423 771 2599 842 Save
2661 772 2747 836 ad
2811 773 3047 854 pedem

577 899 781 967 ’,πῇ
805 879 997 943 castri
1045 877 1596 944 Nanderalbensis
1642 878 1745 962 die
1791 877 2055 942 XXVIII
2100 877 2244 962 Julii
2300 880 2489 943 1456.

2173 1092 2276 1157 Fr.
2324 1092 2667 1172 Johannes
2713 1092 2797 1162 de
2842 1093 3047 1158 Tecto

2374 1226 2379 1231 ·
2412 1209 2627 1275 vester
2670 1201 2845 1270 filius
2885 1239 2890 1243 ·
2949 1264 2954 1268 ,

805 1291 1032 1353 Αηεῂε
1080 1290 1140 1352 el
1187 1289 1602 1353 Granturcho
1649 1306 1687 1352 e
1733 1288 1940 1371 fugito

841 1399 1020 1460 ferito
1066 1396 1150 1459 de
1197 1396 1444 1477 sagicte
1491 1403 1929 1477 gravemente.

1021 1561 1202 1627 Roma,
1238 1563 1465 1615 Vittorio
1502 1562 1789 1615 Emanuele
1826 1559 2102 1628 konyvtis,
2143 1562 2329 1614 Fondo
2369 1562 2491 1614 vitt.
2531 1562 2711 1615 Eman.
2750 1564 2838 1616 37.
2880 1561 3043 1617 stim.

1717 1850 1823 1914 vl.
1872 1844 2151 1932 (cxix.)

1170 2043 1423 2110 sabdcz
1468 2046 1739 2111 manem
1784 2016 2111 2125 taborbm,
2149 2043 2347 2109 1476.
2383 2045 2566 2127 febr.
2613 2042 2678 2108 3.

801 2217 1028 2267 vernanti
1066 2207 1246 2266 ‘Gfibor
1283 2205 1413 2280 egri'
1446 2214 1661 2279 piispiik
1716 2211 1804 2265 IV.
1842 2196 2023 2265 Sixtus
2079 2210 2240 2279 pipat
2286 2209 2488 2264 Sabacz
2541 2212 2670 2265 vltra
2706 2213 3052 2266 ostromiinak

1635 2300 1922 2369 folyisirel
1957 2299 2229 2367 tudositja.

1016 2486 1399 2550 Beatissime
1462 2485 1667 2548 Pater.
1737 2483 1973 2548 Gratas
2041 2483 2246 2548 fuisse
2310 2500 2497 2556 meas
2541 2484 2784 2553 litteras
2830 2493 3052 2563 vestre

805 2593 1122 2659 sanctitati
1186 2594 1425 2656 letatus
1491 2610 1662 2656 sum.
1728 2590 2157 2672 Frequentius
2223 2609 2349 2675 ego
2411 2610 2547 2656 non
2596 2591 2843 2674 scripsi,
2894 2592 3056 2673 quia

805 2719 937 2763 nun
989 2701 1298 2765 consuevi
1347 2717 1475 2780 que
1507 2700 1701 2779 digne
1749 2717 1885 2762 non
1930 2706 2089 2764 sunt
2132 2705 2249 2762 aut
2292 2698 2493 2763 dubia
2541 2698 2705 2763 meis
2750 2700 3051 2763 commit·

809 2817 937 2872 tere
985 2808 1222 2871 litteris.
1272 2805 1471 2886 Regia
1514 2807 1827 2879 maiestas
1871 2813 2024 2886 post
2069 2806 2183 2868 ubi
2212 2806 2532 2885 parvitate
2563 2823 2734 2885 aque
2766 2805 3052 2870 Danubii

805 2924 1140 2996 penetrare
1186 2914 1270 2977 ad
1317 2932 1590 2994 regnum
1635 2912 2142 2997 Transalpinum
2188 2913 2496 2993 nequivit,
2543 2913 2734 2993 glatie
2781 2931 3054 2994 quoque

805 3024 865 3084 in
917 3023 1146 3107 eodem
1196 3020 1463 3100 flumine
1508 3027 1787 3102 cogente
1832 3021 1895 3083 in
1930 3019 2182 3084 Savum
2215 3021 2495 3106 classem
2527 3018 2781 3104 trahere
2813 3027 3054 3084 coacta

805 3140 921 3200 est„
969 3130 1075 3209 qui
1121 3128 1364 3195 fluvius
1410 3146 1555 3191 raro
1603 3129 1706 3190 vel
1767 3145 2109 3207 nunquam
2178 3127 2580 3207 congellatur
2647 3126 2826 3206 quod
2874 3135 3052 3207 certe

801 3240 1019 3300 divino
1066 3242 1233 3299 nutu
1278 3235 1528 3298 factum
1573 3243 1756 3315 puto,
1805 3233 1989 3323 Nam„
2021 3232 2257 3313 exinde
2303 3234 2480 3312 regia
2525 3233 2835 3316 maiestas
2866 3252 3054 3299 novo

801 3351 1120 3425 concepto
1167 3342 1387 3405 animo
1442 3343 1528 3404 ad
1573 3342 2006 3405 obsidendum
2052 3341 2230 3403 hunc
2275 3341 2497 3403 locum
2541 3341 2934 3422 properavit,
2983 3348 3055 3424 et

801 3450 1101 3532 quamvis
1147 3449 1618 3512 munitissimus
1664 3454 1861 3526 esset,
1881 3455 2109 3511 tamen
2151 3447 2356 3528 gratia
2402 3447 2510 3510 dei
2540 3447 2719 3511 brevi
2748 3455 3055 3532 ternpore

801 3568 865 3620 et
909 3559 1232 3642 civitatem
1279 3556 1660 3619 exteriorem
1707 3563 1774 3618 et
1817 3555 2202 3632 interiorem,
2249 3572 2379 3635 que
2446 3555 2715 3621 fossatis
2781 3557 3051 3638 naviga·

797 3668 1033 3728 bilibus
1078 3671 1141 3726 et
1185 3663 1460 3728 fortibus
1506 3662 1775 3742 sepibus
1807 3662 2231 3744 cingebantur
2277 3665 2574 3745 obtinuit,
2621 3682 2913 3748 moxque
2960 3665 3049 3729 ad

801 3772 1228 3851 obsidendam
1274 3787 1492 3832 arcem
1536 3770 1836 3848 accessit,
1868 3788 1997 3850 que
2043 3787 2197 3851 cum
2242 3772 2559 3842 latissimo
2602 3779 2666 3836 et
2711 3771 3049 3853 profundo

801 3884 1051 3944 fossato
1081 3877 1270 3959 aquis
1299 3879 1515 3958 plene,
1565 3878 1746 3949 (nam
1776 3874 1995 3940 Savus
2025 3879 2236 3958 ipsam
2283 3877 2712 3957 circumfluit),
2768 3879 3048 3943 circum·

797 3988 953 4052 data
1001 3985 1118 4050 fuit
1161 3992 1226 4051 et
1270 3991 1406 4047 arte
1451 4002 1531 4047 ac
1577 4002 1774 4065 opere
1817 3985 2142 4067 lignorum
2188 3987 2350 4050 inter
2414 4003 2488 4049 se
2548 3994 3049 4067 compactorum

801 4096 861 4156 in
913 4094 1255 4172 medioque
1301 4098 1470 4156 terra
1515 4098 1579 4155 et
1624 4109 1860 4170 aggere
1915 4094 2305 4179 repletorum
2354 4093 2716 4174 admodum
2759 4093 3047 4170 firmata,

801 4212 861 4264 et
897 4201 1073 4284 quod
1103 4198 1486 4285 precipuum
1514 4207 1634 4278 est,
1664 4199 2032 4263 fortissimis
2060 4200 2231 4278 viris,
2266 4201 2433 4265 idest
2462 4199 2789 4266 sexcentis
2820 4200 3056 4264 electis

801 4308 1233 4386 bellatoribus,
1281 4325 1563 4386 quorum
1609 4306 1875 4369 trecenti
1916 4306 2243 4386 pixidibus
2298 4306 2717 4370 manualibus
2746 4312 3045 4370 utuntur.

801 4416 1037 4477 Multas
1114 4432 1380 4494 quoque
1447 4429 1716 4496 grossas
1791 4412 2044 4496 pixides
2120 4413 2366 4477 habent
2439 4422 2653 4498 preter
2719 4415 3048 4496 populum

801 4520 1135 4601 utriusque
1182 4537 1407 4598 sexuS,
1458 4521 1566 4599 qui
1624 4537 1707 4583 ex
1771 4520 2029 4583 civitate
2094 4521 2177 4583 ad
2241 4537 2460 4591 arcem
2516 4520 2908 4585 convolavit.
2957 4519 3046 4587 Hi
