3475 5200
1330 373 1398 383 —
1474 344 1721 397 103—

1343 563 1682 627 CLXXIX.

969 738 1518 823 Sze'kesfejdrvdn
1567 740 1765 807 1436.
1802 733 1957 825 janj
2004 740 2064 807 6.

396 882 684 948 Zsigmond
740 881 906 948 kirdly
961 883 1105 934 Keve
1158 881 1316 934 varos
1353 883 1660 942 lakosainak
1696 882 2050 949 mentesseget
2093 883 2427 952 adomanyoz
2464 899 2497 935 a
2530 883 2671 941 hara

1200 975 1443 1046 minczad
1480 970 1692 1024 fizete'se
1730 973 1851 1024 alol.

427 1131 435 1139 -
523 1132 528 1138 -
614 1098 889 1168 Magdics:
927 1099 959 1149 i.
997 1098 1049 1149 h.
1095 1099 1318 1149 16-17,

1367 1333 1678 1396 CLXXX.

1040 1562 1046 1568 .
1106 1511 1324 1590 Bada,
1371 1509 1567 1575 1436.
1617 1508 1782 1593 maj.
1832 1509 1941 1575 18.

399 1652 554 1710 Garai
591 1652 783 1704 Miklds
822 1650 989 1704 nador
1025 1651 1133 1704 ke'ri
1172 1652 1320 1704 Cillei
1357 1653 1621 1710 Hermann
1651 1652 1873 1704 szlavon
1901 1651 2045 1717 baut,
2069 1656 2217 1719 hogy
2235 1669 2267 1726 a
2284 1652 2667 1724 Thamasolczi,

397 1740 567 1793 διάει
592 1740 756 1794 ,Ιίιοοε
782 1740 840 1792 es
869 1740 1062 1793 Max-oti
1101 1741 1264 1793 Janos
1289 1741 1490 1793 macsoi
1515 1742 1621 1793 ban
1650 1744 1778 1794 kfizt
1816 1758 1919 1808 egy
1956 1741 2141 1794 νόησε
2170 1740 2477 1814 οΠοςΙαΙᾲεο,
2503 1742 2651 1792 miatt

988 1831 1269 1897 fennsorgo
1308 1832 1513 1898 porben
1551 1833 1809 1898 mondjon
1846 1828 2057 1884 iteletet.

614 1959 997 2043 Spectabilis
1053 1967 1116 2023 et
1170 1957 1516 2040 magnifice
1580 1960 1676 2023 vir
1738 1960 2000 2023 domine
2056 1966 2119 2022 et
2183 1965 2366 2040 pater
2428 1966 2650 2021 noster

401 2068 750 2130 carissime.
826 2066 1060 2130 Eidem
1134 2073 1348 2131 vestre
1417 2067 1780 2147 paternitati
1837 2075 2066 2129 notum
2124 2066 2421 2144 facimus»,
2487 2082 2647 2144 quo-

401 2174 599 2242 modo
646 2181 836 2254 prout
884 2192 968 2236 ex
1014 2175 1423 2254 continentiis
1467 2175 1795 2236 literarum
1841 2182 2204 2236 vestrarum
2251 2190 2367 2254 per
2405 2172 2439 2233 J
2444 2173 2646 2234 ohan-

400 2299 552 2346 nem
590 2281 765 2343 Zaaz
796 2281 880 2343 de
909 2280 1348 2343 Thamasolcz
1391 2300 1612 2345 coram
1656 2281 2072 2344 serenissima
2118 2259 2382 2343 domina
2424 2285 2646 2366 nostra

399 2389 618 2467 regina
679 2388 1070 2468 prelatisque
1140 2395 1204 2450 et
1266 2388 1623 2451 baronibus
1688 2389 1866 2480 regni
1924 2406 2002 2450 ac
2078 2388 2268 2452 nobis
2346 2386 2646 2450 exhibitis

401 2494 570 2558 dicto
617 2494 899 2558 Johanni
946 2495 1118 2557 Zaaz
1152 2503 1215 2557 et
1241 2495 1523 2559 Johanni
1557 2496 1638 2558 de
1673 2496 1929 2558 Maroth
1962 2496 2122 2558 alias
2154 2496 2332 2557 bano
2378 2494 2646 2556 Macho-

401 2602 604 2665 Viensi
630 2620 828 2683 super
876 2604 1049 2666 sacto
1097 2603 1361 2681 castelli,
1390 2603 1551 2666 alias
1581 2621 1698 2683 per
1729 2605 1945 2684 ipsum
1989 2577 2373 2667 Johannem'
2399 2601 2651 2664 banum

399 2728 441 2771 a
477 2711 651 2774 dicto
692 2711 992 2775 Johanne
1039 2712 1212 2773 Zaaz
1258 2712 1321 2773 vi
1359 2719 1424 2774 et
1462 2706 1890 2791 potentialiter
1936 2711 2195 2791 recepti,
2230 2717 2455 2772 contra
2500 2725 2648 2772 sese

397 2818 662 2881 literalia
694 2819 1121 2882 instrumenta
1141 2837 1367 2881 eorum
1389 2821 1691 2883 exhibere
1725 2820 2154 2898 commisisse,
2177 2819 2649 2899 comperientes

398 2924 571 2989 idem
606 2925 944 2988 Johannes
976 2926 1151 2988 Zaaz
1181 2934 1482 3007 presente
1515 2927 1685 2989 dicto
1716 2927 2019 2989 johanne
2048 2927 2131 2989 de
2162 2925 2418 2988 Maroth
2450 2927 2647 3003 ban0,

397 3033 662 3095 literalia
681 3050 807 3095 sua
829 3032 1260 3096 instrumenta
1281 3034 1528 3096 sactum
1558 3042 1692 3096 tam
1727 3035 1874 3097 dicti
1900 3035 2162 3111 castelli,
2190 3051 2388 3113 quam
2414 3032 2648 3095 iurium

397 3156 674 3202 suorum
720 3141 1389 3220 possessionariorum
1435 3142 1768 3222 tangentia
1812 3152 2033 3204 coram
2081 3140 2327 3203 eisdem
2383 3139 2649 3201 domina

399 3254 624 3309 nostra
655 3248 896 3327 regina,
931 3248 1210 3328 prelatiS,
1241 3248 1599 3311 baronibus
1637 3256 1701 3311 et
1736 3249 1928 3311 nobis
1958 3247 2381 3329 producendo
2412 3246 2646 3308 iurium

397 3353 724 3416 medelam
771 3354 1071 3435 impertiri
1119 3357 1512 3435 postulabat.
1564 3355 1687 3436 Qui
1737 3356 2000 3434 quidem
2049 3354 2385 3418 Johannes
2432 3353 2667 3442 banus

396 3458 719 3553 adversus
766 3462 984 3542 ipsum
1030 3463 1399 3525 Johannem
1447 3463 1621 3525 Zaaz
1666 3465 2036 3526 nullatenus
2082 3463 2301 3542 aliqua
2347 3480 2473 3524 sua
2515 3461 2647 3522 lite-

399 3568 556 3630 ralia
620 3568 1050 3632 instrumenta
1124 3570 1429 3633 exhibere
1493 3578 1557 3633 et
1623 3588 1745 3633 nec
1824 3569 2087 3633 iuridice
2163 3587 2235 3633 se
2301 3585 2648 3649 precavere

405 3675 762 3754 producere
809 3678 1076 3756 curavit,
1126 3695 1200 3740 se
1267 3696 1309 3739 a
1376 3678 1702 3741 decisione
1761 3678 1966 3757 ipsius
2014 3678 2163 3739 facti
2211 3676 2646 3757 precavendO,

402 3782 466 3847 in
514 3800 647 3863 qua
702 3783 945 3846 scilicet
1005 3784 1484 3848 inoboedientia
1528 3802 1643 3864 per
1689 3785 1904 3864 ipsum
1962 3785 2208 3846 banum
2266 3784 2458 3862 sacta,
2506 3784 2649 3864 ipsa

404 3888 669 3953 domina
715 3896 941 3953 nostra
987 3892 1209 3972 regina
1256 3899 1321 3954 et
1367 3892 1515 3954 dicti
1563 3892 1809 3971 prelati,
1866 3893 2148 3955 barones
2194 3910 2275 3953 ac
2322 3908 2447 3954 nos
2507 3899 2647 3953 tum

405 3997 466 4058 in
515 4014 797 4077 persona
843 3999 1088 4062 domini
1136 4000 1337 4063 nostri
1384 3999 1555 4080 regis
1603 4018 1840 4062 sumus
1888 4000 2214 4079 constituti
2247 4016 2366 4080 pro
2396 3997 2650 4061 vicariis

407 4104 750 4166 extiterunt
780 4112 845 4167 et
874 4123 1110 4169 sumus
1156 4108 1327 4169 male
1374 4108 1678 4170 contenti.
1729 4107 1947 4187 Quare
1976 4112 2261 4169 vestram
2308 4106 2648 4186 paternitae

406 4215 542 4273 tem
582 4205 969 4293 (mortamur
998 4221 1063 4277 et
1093 4215 1395 4294 petimus,
1446 4233 1601 4277 nam
1635 4215 1690 4278 si
1729 4215 1869 4295 ipse
1915 4213 2251 4300 Johannes
2297 4214 2378 4299 de
2426 4221 2673 4296 nostra,

408 4333 536 4379 non
583 4319 882 4383 existeret
942 4322 1198 4398 familia,
1248 4322 1357 4400 qui
1405 4322 1497 4384 uti
1545 4331 1609 4409 et
1653 4329 1871 4385 vester
1914 4321 2101 4385 sicuti
2158 4328 2380 4408 noster
2435 4322 2650 4400 existit

408 4421 710 4505 famulus,
740 4427 820 4490 de
868 4428 1005 4491 iure
1036 4435 1102 4490 et
1139 4429 1220 4491 de
1253 4428 1428 4491 facto
1476 4430 1940 4493 commissione
1987 4430 2181 4493 etiam
2228 4430 2408 4515 regia
2453 4430 2649 4492 iudex

411 4529 734 4613 iustitiam,
799 4535 1001 4598 immo
1059 4537 1123 4599 in
1175 4536 1412 4599 talibus
1476 4538 1729 4621 absque
1787 4539 2219 4621 protractione
2274 4539 2467 4621 longe
2526 4538 2672 4619 litis>⁴
