3475 5200
1378 387 1768 461 4117-

448 627 694 706 Cetine,
741 643 1221 708 regnorumque
1286 634 1656 691 nostrorum
1713 624 2032 702 Dalmatie
2081 631 2145 688 et
2191 625 2449 690 Croatie
2494 625 2694 705 bano,

446 734 897 816 universisque
966 734 1214 812 castris,
1284 733 1616 810 fortalitiiS,
1691 732 2229 818 possessionibus
2315 740 2380 797 et
2449 732 2695 800 iuribus

444 823 998 922 possessionariiS,
1063 848 1402 922 tamquam
1467 858 1581 922 per
1644 840 1975 903 defectum
2022 888 2033 899 .
2078 901 2082 906 ,
2086 884 2692 903 ..........

443 949 787 1031 probatam
832 950 1012 1031 regni
1058 949 1259 1012 nostri
1306 948 1637 1030 Hungarie
1683 946 2225 1011 consuetudinem
2264 945 2351 1009 ad
2381 965 2694 1010 coronam

446 1057 739 1120 eiusdem
803 1056 983 1138 regni
1045 1055 1247 1120 nostri
1295 1059 1903 1135 consequenterque
1928 1057 2241 1118 nostram
2287 1054 2693 1118 maiestatem

445 1165 559 1226 rite
605 1171 669 1226 et
712 1163 990 1245 legitime
1056 1162 1378 1226 devolutis
1434 1168 1497 1225 et
1552 1160 1830 1225 redactis
1894 1205 2419 1228 .........
2467 1160 2691 1240 Vegle,

444 1270 681 1352 Segnie
731 1279 795 1334 et
840 1270 1208 1334 Modrussie
1272 1287 1518 1346 comes,
1585 1275 1802 1333 erecto
1850 1241 2075 1332 contra
2121 1274 2413 1332 nostram
2458 1268 2728 1344 maies-

442 1384 642 1442 tatem
687 1378 1050 1442 rebellionis
1095 1378 1425 1455 calcaneO,
1475 1376 1736 1439 nomine
1784 1375 2053 1442 honoris
2097 1376 2381 1462 banatus
2443 1382 2691 1457 pretae-

441 1492 660 1552 torum
705 1503 1055 1568 regnorum
1102 1491 1475 1549 nostrorum
1540 1483 1857 1546 Dalmatie
1903 1491 1968 1546 et
2015 1528 2623 1548 ..........
2632 1546 2639 1552 ,
2678 1530 2690 1544 .

443 1600 671 1657 contra
712 1594 1116 1657 voluntatem
1163 1599 1384 1655 nostre
1430 1591 1787 1654 maiestatis
1832 1608 1950 1671 pro
1997 1607 2072 1653 se
2116 1607 2457 1671 perperam
2502 1607 2689 1653 usur-

440 1700 661 1780 pando
705 1699 790 1764 de
835 1700 1062 1763 castris
1120 1707 1185 1763 et
1237 1698 1569 1775 fortalitiiS,
1619 1706 1755 1760 tam
1804 1698 2008 1778 ipsius
2045 1697 2329 1761 condam
2375 1677 2703 1760 Johannis

442 1807 696 1871 comitis
750 1806 974 1872 Cetine
1038 1807 1123 1870 ad
1179 1813 1469 1870 nostram
1536 1804 1931 1869 celsitudinis
1981 1850 2516 1870 .........
2564 1804 2687 1882 itis,

441 1932 643 1997 quam
707 1914 901 1982 etiam
965 1913 1113 1977 dicti
1175 1914 1461 1978 banatus
1508 1929 1582 1975 se
1627 1912 2103 1991 intromisisset,
2169 1912 2403 1976 eadem
2450 1930 2568 1994 pro
2615 1921 2697 1978 se'.

438 2022 748 2092 violenter
830 2020 1233 2102 usurpando
1316 2018 1751 2100 Tandemque
1827 2019 2335 2100 perfidissimum
2414 2019 2688 2083 Ornorat

439 2127 806 2193 Turcorum
852 2128 1213 2207 dominum,
1262 2144 1520 2190 necnon
1568 2125 1976 2207 Stephanum
2042 2134 2349 2208 nepotem
2399 2175 2682 2190 .....
2696 2125 2701 2132 '

442 2232 877 2318 [ceteJrosque
922 2235 1439 2317 quamplurimos
1486 2241 1748 2297 nostros
1813 2240 1878 2296 et
1939 2235 2120 2314 regni
2176 2235 2377 2297 nostri
2427 2235 2684 2297 emulos

439 2342 502 2405 in
549 2360 742 2406 suam
787 2343 1135 2406 amicitiam
1169 2349 1233 2406 et
1267 2341 1560 2406 favorem
1607 2341 2024 2422 acquirend0,
2072 2342 2386 2422 plurimos
2433 2341 2699 2432 nobiles,

437 2456 500 2512 et
546 2450 811 2514 alterius
874 2455 1088 2515 status
1152 2449 1472 2514 dictorum
1537 2465 1889 2531 regnorum
1935 2456 2311 2512 nostrorum
2366 2447 2683 2513 Dalmatie

434 2553 499 2621 et
549 2603 900 2624 ......
950 2557 1036 2622 nil
1098 2558 1273 2622 aliud
1338 2557 1681 2623 intendens
1748 2557 1870 2622 nisi
1913 2562 1987 2621 ut
2032 2573 2106 2621 se
2153 2561 2381 2621 contra
2425 2556 2683 2623 culmen

432 2673 734 2730 nostrum
797 2667 1049 2748 regium
1113 2666 1177 2730 in
1241 2665 1399 2747 ipsis
1464 2666 1680 2747 regnis
1727 2666 1966 2730 nostris
2012 2667 2076 2729 in
2123 2682 2343 2746 regem
2389 2664 2683 2728 coronari

431 2770 649 2837 facere
696 2774 1033 2855 potuisset,
1082 2793 1124 2837 a
1170 2772 1475 2837 fidelitate
1506 2774 1698 2837 nobis
1745 2774 2159 2837 observanda
2203 2790 2318 2853 per
2349 2789 2473 2836 sua
2503 2772 2683 2836 blan-

433 2880 725 2944 dimenta
774 2928 789 2944 .
841 2931 855 2945 .
906 2931 921 2945 .
975 2930 988 2945 .
1037 2898 1144 2944 ere
1191 2886 1255 2944 et
1298 2879 1500 2944 averti
1547 2880 1810 2944 fecisset
1839 2887 1904 2943 et
1937 2887 2372 2962 procurasset.
2412 2878 2684 2958 Nosque

428 2986 758 3053 talismodi
825 2989 1195 3052 rumoribus
1258 2994 1324 3053 et
1386 2988 1706 3069 perversis
1771 2988 1977 3068 ipsius
2045 2987 2363 3051 Johannis
2427 2985 2681 3050 comitis

429 3085 669 3176 Segnie
707 3095 1189 3160 machinatibus
1235 3096 1576 3177 perceptis,
1616 3095 1943 3177 prefatum
1973 3095 2399 3158 Mathkonem
2432 3094 2677 3156 banum

431 3247 848 3266 .......
896 3203 1125 3266 robata
1170 3203 1300 3266 fide
1346 3202 1432 3265 ad
1478 3204 1628 3266 talia
1674 3210 1896 3267 nostre
1942 3201 2299 3265 maiestatis
2363 3199 2681 3281 obsequia

424 3309 764 3390 agiliorem
851 3309 988 3373 fore
1077 3328 1582 3391 agnoveramus,
1632 3328 1751 3392 pro
1829 3309 2313 3392 compescenda
2385 3307 2677 3400 eiusdem

424 3406 749 3480 johannis
812 3417 1065 3481 comitis
1129 3416 1615 3481 abhominenda
1676 3417 2019 3498 protervia,
2083 3433 2434 3499 regnorum
2482 3414 2677 3478 etiarn

424 3531 802 3589 nostrorum
851 3520 963 3604 [et]
1013 3531 1376 3588 castrorum
1424 3532 1487 3589 et
1517 3526 1846 3589 bonorum
1874 3525 2310 3606 predictorum
2342 3512 2687 3603 recupera-'

421 3631 602 3696 tione
649 3630 1052 3695 duxeramus
1099 3631 1550 3713 deputandum
1595 3640 1660 3695 et
1705 3633 1828 3696 sibi
1872 3632 2196 3696 talismodi
2241 3630 2478 3695 servitii
2507 3646 2678 3693 onus

420 3739 966 3803 submittendum.
1013 3737 1206 3802 Tunc
1238 3739 1528 3821 prefatus
1558 3739 1832 3803 Mathko
1862 3740 2079 3802 banus
2110 3737 2195 3802 ad
2226 3738 2429 3802 nostri
2457 3737 2676 3818 singu·

418 3846 627 3909 larem
677 3893 961 3911 .....
1009 3852 1318 3929 agregato
1365 3846 1579 3911 valido
1625 3847 1913 3911 exercitu
1958 3846 2023 3909 in
2070 3847 2214 3927 ipsa
2254 3844 2573 3908 Dalmatie
2614 3851 2677 3906 et

418 3952 686 4018 Croatie
751 3971 954 4035 regna
1016 3961 1243 4018 nostra
1305 3971 1598 4017 unacum
1661 3953 2011 4034 magnifico
2068 3953 2257 4017 Petro
2314 3952 2396 4015 de
2443 3951 2673 4014 eadem

416 4048 762 4125 Tallowcz
836 4059 1028 4126 fratre
1101 4078 1228 4125 suo
1301 4062 1560 4139 carnali,
1629 4079 1807 4124 nunc
1875 4078 2223 4143 regnorum
2301 4065 2674 4122 nostrorum

415 4167 742 4232 Dalmatie
805 4176 871 4232 et
935 4165 1246 4249 [CrJoatie
1325 4187 1405 4232 ac
1479 4166 1827 4232 Sclavonie
1891 4168 2324 4249 predictorum
2392 4166 2676 4231 similiter

413 4276 621 4355 bano,
669 4275 895 4340 direxit
938 4295 1209 4358 gressus
1255 4294 1437 4341 suos.
1486 4275 1792 4357 Cumque
1837 4276 1902 4340 in
1947 4277 2091 4358 ipso
2122 4276 2344 4339 itinere
2373 4282 2439 4338 et
2468 4272 2675 4356 prima

414 4388 543 4473 sue
590 4383 1013 4466 ingressionis
1058 4386 1166 4448 via
1211 4402 1364 4448 cum
1411 4384 1542 4447 iam
1586 4383 1706 4447 tria
1737 4384 2047 4447 notabilia
2076 4401 2191 4464 per
2221 4401 2414 4446 suam
2447 4387 2671 4463 poten-

410 4492 580 4555 itam
623 4490 875 4572 acquisi
940 4536 1225 4558 .....
1274 4511 1347 4555 ra
1391 4499 1456 4555 et
1500 4490 1586 4555 ad
1632 4491 2044 4555 obsidionem
2090 4490 2435 4554 cuiusdam
2481 4489 2669 4553 castri

409 4590 560 4678 ΖῩη
623 4599 842 4663 vocati
904 4599 1214 4663 accedere
1280 4599 1612 4677 voluisset,
1682 4599 1975 4679 prefatus
2046 4599 2079 4660 J
2083 4600 2381 4662 ohannes
2446 4614 2671 4660 comes
