3475 5200
1376 446 1729 498 ...57-

427 674 492 729 et
538 666 827 730 cusionis
872 675 1135 730 monete
1182 667 1419 729 ibidem
1469 667 1702 729 habitis
1735 685 1816 729 ac
1849 668 2143 730 omnium
2175 675 2238 728 et
2271 667 2675 746 singularum

426 773 925 853 possessionum
972 782 1036 838 et
1080 776 1374 838 villarum
1419 775 1504 837 ad
1552 775 1819 837 easdem
1867 776 2300 854 spectantium
2353 773 2673 836 destinare

427 881 736 958 debeatiS,
813 883 1050 961 quibus
1124 883 1187 944 in
1260 882 1551 944 faciebus
1621 882 1977 944 earundem
2048 881 2372 961 legittimis
2439 880 2673 942 diebus

424 990 856 1069 pausantibus
898 997 965 1051 et
1011 990 1276 1052 tandem
1323 989 1410 1051 ad
1472 1003 1626 1052 vos·
1660 989 1939 1051 reversis
2004 989 2394 1068 prescriptas
2458 988 2672 1049 literas

425 1104 676 1158 vestras
723 1098 1052 1159 relatorias
1099 1097 1180 1159 de
1228 1114 1404 1160 novo
1451 1097 1710 1160 rescribi
1769 1096 2102 1173 facientes,
2153 1096 2417 1157 nomina
2462 1094 2665 1175 prefa-

422 1211 635 1266 tarum
683 1203 1014 1266 civitatum
1062 1222 1140 1266 ac
1188 1203 1590 1285 singularum
1638 1204 2160 1283 possessionum,
2201 1202 2568 1283 prediorum
2607 1210 2672 1264 et

422 1311 829 1389 tributorum,
873 1319 1005 1376 tam
1053 1313 1523 1392 populosamm
1571 1330 1769 1390 quam
1818 1312 2218 1374 desertarum
2268 1317 2332 1373 et
2376 1310 2670 1372 villarum

422 1418 507 1479 ad
554 1417 821 1479 easdem
868 1420 1321 1498 pertinentium
1370 1420 1432 1481 in
1480 1428 1698 1482 vestra
1745 1420 2052 1481 relatione
2100 1418 2383 1483 seriatim
2414 1419 2669 1480 inscribi

423 1532 486 1587 et
530 1526 751 1605 reponi
808 1525 1077 1605 faciatiS,
1136 1527 1643 1606 huiusmodique
1711 1534 1962 1590 vestras
2028 1527 2244 1588 literas
2296 1526 2669 1588 statutorias

422 1630 631 1695 eidem
681 1632 762 1695 de
808 1651 985 1696 novo
1030 1634 1116 1696 ad
1163 1636 1441 1696 eandem
1487 1635 1766 1714 priorem
1800 1635 2019 1697 datam
2052 1634 2178 1695 sub
2211 1633 2426 1695 debita
2459 1633 2667 1696 forma

423 1741 813 1816 concedatiS‚
884 1748 1220 1820 presentes
1288 1750 1506 1805 tamen
1576 1743 1790 1805 literas
1858 1742 2354 1823 preceptoriales
2421 1739 2665 1802 eisdem

422 1847 791 1910 nullatenus
839 1849 1109 1927 insertis,
1177 1851 1350 1912 aliud
1401 1867 1534 1912 non
1601 1849 1886 1927 facturis,
1937 1867 2103 1928 quas
2170 1848 2377 1927 sigillo
2442 1854 2666 1909 nostro

422 1954 663 2031 maiori,
721 1973 854 2034 quo
918 1964 989 2017 ut
1054 1974 1166 2018 rex
1232 1957 1563 2036 Hungarie
1629 1959 1871 2020 utimur
1934 1957 2210 2018 fecimus
2277 1954 2662 2033 consignari.

420 2060 659 2124 Datum
708 2060 890 2124 Bude
939 2063 1004 2125 in
1052 2063 1221 2127 festo
1268 2065 1710 2127 decollationis
1757 2064 1929 2126 beati
1975 2064 2290 2127 Johannis
2355 2061 2664 2142 Baptiste‚

418 2186 592 2231 anno
618 2169 859 2233 domini
884 2171 1222 2234 millesimo
1256 2171 1560 2235 CCCCm⁰
1592 2172 2002 2248 duodecimo,
2029 2188 2378 2249 regnorum
2412 2175 2664 2232 nostro·

418 2293 556 2337 rum
615 2294 792 2339 anno
842 2277 1172 2358 Hungarie
1220 2288 1339 2343 etc.
1385 2281 1700 2359 vigesimo
1735 2281 1982 2359 quinto,
2017 2278 2462 2340 Romanorum
2508 2293 2664 2338 vero

2721 2367 2822 2409 1412

417 2383 730 2447 secundo.
2664 2425 2764 2432 -“
2798 2428 2815 2431 ·

635 2525 864 2589 Kivffl:
915 2528 1242 2593 Fidelibus
1289 2529 1428 2593 suis
1463 2530 1813 2593 conventui
1861 2529 2132 2591 ecclesie
2179 2529 2259 2591 de
2310 2526 2497 2588 Lelez
2546 2543 2662 2607 pro

420 2631 641 2695 illustri
689 2636 972 2716 principe
1020 2635 1287 2700 domino
1334 2639 1612 2720 despoto
1660 2640 1827 2700 duce
1876 2637 2123 2701 Rascie.

627 2773 848 2838 Eredeti,
892 2778 1059 2842 papir,
1116 2776 1345 2830 zarlatan
1390 2777 1571 2845 pecset
1620 2781 1938 2845 nyomaival.
1987 2779 2190 2840 Lelesz,
2241 2780 2492 2828 Actorum
2537 2774 2660 2824 anni

426 2860 576 2912 1412.
615 2861 715 2914 No.
760 2866 839 2914 14.

1426 3069 1645 3132 CXVI.

1139 3244 1355 3321 Euda,
1406 3244 1598 3309 1413.
1647 3249 1769 3310 okt.
1817 3248 1923 3311 28.

414 3378 695 3446 Zsigmond
732 3381 899 3449 kiraly
935 3387 1138 3451 tudatja
1174 3401 1237 3436 az
1277 3385 1467 3452 orszag
1505 3390 1692 3440 osszes
1728 3389 2096 3455 birosagaivaL
2123 3394 2269 3457 hogy
2294 3391 2477 3445 Sovari
2515 3395 2651 3445 Soos

408 3468 686 3521 Simonnak
722 3472 1096 3525 mindennemt'i
1135 3478 1297 3541 poros
1335 3475 1581 3542 iigyeben
1617 3479 1909 3530 halasztast
1946 3482 2148 3531 rendelt
2175 3482 2239 3542 el,
2269 3482 2468 3534 miutan
2494 3499 2649 3534 neve-

407 3564 509 3609 zett
545 3577 577 3611 a
614 3559 744 3611 Bacs
783 3561 1014 3614 viraban
1053 3563 1362 3618 Ldzirevics
1405 3565 1581 3617 Istvim
1619 3567 1740 3619 racz
1780 3569 2121 3634 deszpotaval
2158 3571 2399 3622 tat-tando
2437 3572 2649 3624 tanacs-

1097 3652 1439 3706 kozasokban
1476 3654 1616 3707 reszt
1653 3659 1748 3723 sog
1783 3661 1958 3709 venni.

616 3757 678 3809 H.
720 3758 801 3820 0.,
840 3759 942 3810 vn.
984 3763 1285 3815 445—446.
1329 3791 1393 3799 —
1435 3763 1502 3816 V.
1532 3767 1581 3815 ὅ.
1621 3764 1943 3833 Thalldczy:
1984 3768 2015 3819 i.
2054 3771 2105 3819 h.
2145 3770 2265 3819 331.

1394 4015 1640 4079 CXVII.

1048 4188 1390 4272 Visegrdd,
1437 4190 1632 4255 1414.
1665 4194 1845 4274 febr.
1893 4194 1997 4257 16.

403 4325 547 4377 Garai
586 4327 781 4379 Miklos
819 4327 987 4381 nidor
1024 4329 1449 4385 Bathmonostori
1490 4333 1786 4386 Laszlonak
1826 4335 2189 4403 Keme'nyfalvi
2236 4339 2539 4407 Mihalylyal
2578 4342 2636 4393 es

400 4413 712 4468 Lukacscsal
735 4419 1006 4484 folytatott
1029 4420 1278 4486 p'o'reben,
1301 4425 1575 4490 minthogy
1595 4433 1839 4476 nevezett
1865 4426 2054 4478 Laszlo
2081 4444 2112 4478 a
2138 4428 2303 4495 kirdly
2328 4430 2635 4497 szolgalata-

398 4505 495 4557 ban
514 4506 826 4560 Lazarevics
837 4509 1016 4561 Istvan
1034 4511 1152 4563 racz
1172 4515 1429 4579 deszpota
1450 4514 1692 4581 iigyeben
1705 4532 1808 4567 van
1830 4518 2038 4583 elfoglal
2047 4535 2126 4580 va,
2138 4519 2427 4570 halasztast
2447 4525 2633 4586 enged.

604 4632 768 4701 zichy
809 4635 888 4700 0.,
928 4636 1010 4688 v1.
1052 4640 1171 4689 291.

2683 2451 2770 2491 aug
2806 2443 2874 2482 29.
