3475 5200
1376 364 1764 418 -229—

656 584 775 648 Nei
824 584 886 647 di
933 584 1239 665 prossim'i
1286 586 1535 665 passati
1582 584 1870 648 essendo
1928 586 1967 647 il
2021 585 2275 667 prefato
2321 583 2695 667 SalaguniaJ

451 693 520 754 in
568 692 678 754 via
722 709 836 772 per
883 690 1232 755 conferirse
1279 693 1411 772 qui,
1457 691 1658 774 passo
1706 693 1747 754 il
1792 693 2096 756 Danubio
2144 711 2261 774 per
2304 694 2346 756 il
2393 712 2584 757 mezo
2615 694 2695 758 dil

439 799 720 880 despoto
752 800 832 861 de
865 798 1109 878 Servia,
1158 801 1218 863 el
1264 800 1465 862 bassa
1505 801 1587 863 de
1628 800 1946 864 Romania
2001 818 2154 863 cum
2201 818 2481 882 persone
2530 803 2695 865 circa

441 906 613 968 ΧΧιιι
652 905 896 969 Turchi
943 915 1006 970 et
1054 915 1203 971 octo
1246 907 1448 970 ziorni
1480 909 1821 970 andarono
1859 908 2183 971 scorando
2215 910 2426 989 questi
2456 910 2695 973 confini

442 1013 508 1075 in
554 1015 758 1077 modo
805 1015 993 1095 quelli
1042 1015 1164 1078 che
1211 1033 1450 1079 manco
1498 1017 1734 1079 dicono
1781 1015 2173 1080 affirmando
2221 1015 2390 1079 ultra
2436 1019 2495 1080 le
2540 1018 2695 1081 altre

440 1122 641 1201 prede
687 1122 889 1184 havet·
933 1123 1260 1186 conducto
1310 1141 1462 1186 cum
1508 1124 1597 1186 lui
1645 1124 1916 1203 prexoni
1956 1125 2124 1186 ultra
2152 1124 2370 1187 anime
2402 1124 2574 1187 XV¹¹²
2617 1125 2695 1188 de

441 1235 678 1307 questo
725 1247 945 1311 regn0.
996 1230 1348 1295 Dubitasse
1396 1232 1517 1294 che
1565 1232 1726 1294 hora
1776 1232 1919 1294 chel
1956 1232 2260 1295 Danubio
2311 1231 2695 1296 fortemente

442 1334 480 1397 e
519 1338 860 1417 congelato
909 1338 1057 1401 dicti
1087 1338 1332 1401 Turchi
1381 1339 1658 1420 qualche
1704 1341 1867 1402 altro
1913 1356 2092 1402 novo
2140 1340 2380 1402 insulto
2415 1340 2699 1403 maxime

439 1445 940 1509 attrovandosse
987 1452 1155 1509 tutta
1200 1449 1265 1509 la
1309 1447 1597 1527 potentia
1636 1447 1737 1509 del
1785 1464 1986 1527 regno
2035 1448 2100 1509 in
2148 1453 2383 1526 questa
2433 1465 2699 1528 congre-

441 1551 721 1630 gatione.
786 1551 873 1616 Se
926 1559 1182 1616 attrova
1238 1556 1410 1618 dicto
1475 1554 1674 1618 bassa
1720 1555 1786 1617 in
1832 1554 2134 1635 Bulgaria
2181 1554 2265 1617 ad
2312 1572 2450 1618 uno
2510 1555 2699 1619 lache

444 1657 774 1722 chiamato
805 1659 968 1724 Niso
999 1679 1229 1740 presso
1261 1662 1346 1724 ad
1378 1662 1698 1742 Belgrado
1730 1681 1774 1724 a
1805 1661 1893 1725 do
1925 1661 2256 1743 giornade.
2289 1662 2383 1723 La
2419 1680 2703 1742 persona

442 1764 551 1827 del
596 1764 863 1830 Turcho
896 1766 931 1830 e
961 1768 1026 1830 in
1059 1770 1501 1852 Andrinapoli,
1552 1771 1806 1834 dicesse
1847 1770 2301 1853 aparechiarse
2332 1787 2449 1851 per
2481 1770 2703 1850 vegnir

445 1890 486 1933 a
530 1880 753 1955 tempo
800 1892 977 1939 novo
1024 1883 1251 1940 contro
1298 1885 1528 1958 queste
1575 1886 1778 1959 parte.
1846 1878 1944 1941 De
1992 1878 2207 1957 quello
2256 1877 2618 1942 succedera
2662 1896 2703 1941 a

444 1980 508 2041 la
570 1982 864 2061 giornata
928 2001 1012 2046 ne
1076 1983 1215 2047 faro
1278 1986 1341 2047 la
1410 1985 1738 2049 sublimita
1803 1993 2026 2049 vostra
2095 2002 2211 2065 per
2274 1985 2402 2048 mie
2479 1987 2699 2049 lettere

440 2086 763 2153 advisata.

663 2228 880 2283 Milandi
917 2219 978 2284 Α.
1018 2232 1075 2285 L.
1116 2234 1168 2285 P.
1209 2233 1266 2285 E.
1305 2232 1623 2299 magnei-ia).

1431 2522 1707 2587 CCCXI.

1170 2703 1391 2782 Bada,
1434 2701 1633 2768 1458.
1673 2704 1824 2785 jan.
1873 2702 1977 2766 24.

446 2858 641 2928 Moyse
678 2863 827 2915 Bono
882 2864 1147 2915 velenczei
1182 2861 1369 2930 polgfu·
1404 2864 1570 2914 levele
1619 2863 1807 2915 Sforza
1845 2862 2070 2914 Ferencz
2109 2862 2323 2914 milanoi
2358 2864 2699 2930 hex-czeghez⁴

448 2949 657 3018 Matyas
693 2951 948 3020 kiralylyzi
985 2952 1298 3017 valasztlzsa,
1337 2951 1568 3018 Szilagyi
1605 2951 1807 3018 Mihfily
1843 2951 2188 3018 kormanyzo,
2225 2954 2379 3005 torok
2406 2951 2637 3005 itkelese
2671 2971 2701 3005 a

950 3042 1155 3107 Danau,
1191 3043 1512 3094 Brankovics
1550 3041 1718 3094 Ldzo's
1755 3043 1909 3094 szerb
1947 3043 2222 3107 deszpota.

663 3190 1095 3254 Illustrissime
1148 3192 1448 3273 princeps
1494 3198 1559 3254 et
1605 3190 2143 3254 excellentissime
2194 3189 2477 3253 domine.
2547 3191 2699 3254 Post

451 3295 764 3360 humilem
792 3300 1517 3363 recommendationem.
1555 3299 1676 3361 Per
1707 3315 1890 3362 esser
1919 3299 2051 3362 mio
2090 3298 2305 3361 debito
2336 3297 2454 3360 dar
2479 3298 2703 3362 notitia

447 3421 491 3466 a
534 3403 599 3467 la
643 3411 866 3469 vostra
913 3406 1338 3472 illustrissima
1395 3407 1681 3487 signoria
1728 3408 1811 3469 de
1855 3408 1916 3470 le
1961 3424 2155 3469 cosse
2213 3415 2594 3470 occurrente
2640 3406 2703 3470 in

449 3517 687 3590 questa
730 3519 912 3593 parte
958 3513 1153 3595 digne
1200 3515 1281 3578 de
1328 3515 1824 3596 significatione,
1882 3516 2075 3594 quela
2119 3514 2337 3592 avixo‚
2404 3532 2595 3578 come
2640 3515 2707 3577 in

447 3627 686 3697 questo
730 3639 936 3684 zorno
982 3640 1023 3683 a
1067 3623 1229 3685 hora
1276 3624 1359 3685 de
1404 3629 1593 3686 sexta
1649 3641 1804 3686 cum
1850 3621 1957 3684 dio
2002 3622 2210 3702 gratia
2255 3621 2291 3684 ὲ
2338 3614 2442 3684 sta
2489 3631 2707 3686 creato
2751 3638 2847 3694 jan.
2871 3638 2939 3678 2⁴.

450 3743 520 3788 re
565 3725 650 3790 de
697 3727 1034 3811 Hongaria
1077 3731 1137 3794 el
1164 3731 1276 3803 fiol
1323 3730 1426 3794 del
1459 3731 1682 3811 signor
1711 3730 1941 3809 Ianus,
1991 3729 2144 3793 olim
2182 3730 2615 3810 governador,
2651 3730 2707 3793 el

449 3834 606 3912 qual
652 3833 690 3896 ὲ
723 3836 793 3898 el
838 3855 1068 3902 menor
1113 3839 1268 3902 fiolo
1312 3839 1596 3903 l’avesse
1642 3845 1707 3901 et
1753 3839 1841 3901 ha
1885 3855 2084 3902 nome
2122 3837 2409 3902 Mathias
2459 3881 2475 3897 .
2510 3886 2526 3902 .
2563 3885 2578 3900 .
2628 3836 2707 3899 de

451 3941 641 4004 etade
689 3943 771 4005 de
818 3946 971 4008 anni
1017 3945 1190 4009 XVII
1240 3991 1999 4010 ............

667 4027 722 4108 Ε
774 4059 878 4115 sta
923 4053 1060 4118 fato
1105 4056 1518 4135 governador
1561 4072 1691 4117 suo
1737 4053 1961 4132 barba,
2027 4054 2087 4116 el
2133 4054 2285 4132 qual
2333 4070 2407 4116 se
2455 4052 2711 4116 chiama

452 4151 823 4240 SilagimiaJ‚
873 4162 931 4224 el
978 4163 1132 4242 qual
1178 4161 1213 4224 ὲ
1262 4169 1366 4225 sta
1410 4161 1547 4225 fato
1578 4160 1788 4243 perfin
1816 4160 2010 4240 vegni
2056 4161 2115 4229 el
2161 4177 2230 4223 re
2277 4177 2402 4224 suo
2451 4160 2711 4224 nevodo

458 4364 688 4434 questo
735 4357 790 4421 si
839 4356 874 4420 ὲ
921 4361 1072 4438 quel
1101 4359 1452 4441 Silagimial
1491 4358 1614 4421 che
1663 4356 1698 4420 ὲ
1748 4356 1950 4420 fradel
1981 4355 2158 4421 dela
2190 4358 2366 4420 dona
2398 4358 2479 4419 de
2507 4357 2711 4437 Janus

453 4467 759 4546 vayvoda
805 4468 958 4531 olim
1020 4468 1431 4550 governador
1476 4467 1535 4529 el
1582 4466 1759 4546 quali
1802 4464 2066 4546 tegniva
2113 4483 2151 4530 e
2197 4464 2328 4529 tien
2394 4463 2711 4545 Belgrade
