3475 5200
1376 407 1770 461 —341-

442 621 599 690 dare
625 643 1009 708 possumus,
1042 643 1126 689 ex
1158 643 1293 706 quo
1324 625 1443 689 illis
1475 632 1539 690 et
1567 625 1710 690 aliis
1740 626 1932 692 bonis
1964 627 2204 692 nostris
2225 634 2291 691 et
2312 644 2449 692 non
2473 628 2697 691 alienis

442 751 567 797 nec
586 735 802 813 aliquo
821 730 1183 800 officiolatu
1201 740 1369 812 utor,
1390 751 1520 812 que
1539 735 1593 797 si
1611 733 1804 797 vobis
1835 732 2245 813 dederemuS,
2278 734 2521 815 quibus
2550 742 2697 798 utor

442 841 688 921 ignoro.
725 841 1029 905 Ceterum
1053 845 1063 865 “·
1073 858 1233 921 rogo
1279 849 1564 904 vestram
1610 842 2184 923 magnificentiam,
2231 841 2333 905 uti·
2361 850 2587 905 taxam
2612 845 2701 905 de

442 948 635 1012 bonis
665 950 831 1013 meis
877 949 983 1013 illo
1023 948 1282 1028 habitis,
1314 967 1443 1029 que
1475 966 1591 1030 per
1622 949 2080 1031 cirographum
2119 949 2291 1030 regie
2337 950 2693 1027 maiestatis

442 1056 638 1119 michi
668 1056 734 1119 in
773 1064 1019 1120 sortem
1050 1056 1261 1119 salarii
1299 1056 1425 1118 mei
1457 1055 2014 1127 Nandoralbensis
2042 1058 2331 1120 relaxata
2359 1064 2493 1134 est,‘
2514 1061 2697 1137 quod

443 1164 743 1226 nundum
812 1164 1016 1227 nostri
1081 1165 1480 1244 completum
1547 1163 1769 1242 extitit,
1835 1163 2030 1227 michi
2107 1163 2559 1227 administrare
2633 1173 2697 1229 et

440 1273 731 1334 relaxare
768 1278 990 1336 vestra
1016 1271 1170 1334 velit
1214 1270 1717 1351 magnificentia,
1767 1286 1852 1333 ex
1896 1288 2031 1350 quo
2076 1270 2293 1344 literas
2324 1272 2493 1335 dicte
2521 1273 2693 1353 regie

442 1378 799 1442 maiestatis
844 1378 1279 1459 expeditorias
1325 1395 1524 1459 super
1568 1379 1672 1440 illa
1716 1378 1953 1456 habeo,
2001 1396 2086 1443 ex
2130 1393 2266 1459 quo
2295 1386 2514 1444 vestra
2558 1395 2689 1441 non

438 1486 594 1550 velit
611 1486 959 1550 molestare
968 1486 1480 1567 magnificentia,
1502 1494 1705 1566 quam
1725 1485 1989 1550 feliciter
2005 1487 2223 1553 valere
2253 1495 2430 1567 opto.
2451 1486 2693 1549 Datum

442 1594 506 1656 in
554 1611 703 1656 arce
749 1611 899 1657 mea
960 1593 1266 1657 Rakocza
1331 1593 1492 1657 seria
1549 1595 1734 1657 tertia
1779 1594 1947 1657 intra
1991 1601 2263 1658 octavas
2307 1594 2693 1659 visitationis

440 1701 720 1781 gloriose
766 1700 1049 1781 virginis,
1094 1716 1273 1764 anno
1318 1707 1546 1782 partus
1592 1700 1890 1765 eiusdem
1946 1702 2135 1766 1513.
2769 1693 2869 1737 ¹⁵²³

2737 1769 2821 1818 jm.
2853 1769 2893 1809 5.

2119 1862 2509 1933 Laurentius
2529 1826 2533 1832 .
2555 1852 2689 1925 dux

2143 1972 2226 2059 de
2272 1970 2516 2053 Wylak
2571 1977 2689 2034 etc.

653 2181 860 2247 Kivaz
878 2202 901 2247 .·
944 2184 1298 2264 Magnifieo
1345 2184 1614 2248 domino
1654 2183 1955 2247 Ladislao
2004 2182 2086 2249 de
2134 2160 2424 2266 Kanysa,
2473 2185 2689 2249 comiti

440 2292 791 2356 comitatus
812 2291 892 2354 de
916 2292 1227 2354 Waswar
1258 2298 1401 2369 etc.,
1424 2291 1691 2354 domino
1720 2300 1786 2355 et
1815 2292 2029 2354 amico
2061 2290 2253 2355 nobis
2283 2293 2689 2357 honorando.

653 2449 880 2512 Eredeu,
915 2451 1083 2515 papir,
1120 2445 1352 2501 zaslatan
1386 2447 1570 2515 penset
1604 2451 1924 2516 nyomaivas.
1963 2450 2035 2504 M.
2075 2449 2140 2502 ο.
2180 2450 2242 2502 D.
2282 2450 2341 2501 L.
2379 2451 2572 2503 25554.
2612 2465 2689 2505 ει
2765 2413 2769 2417 ’

1445 2757 1681 2821 CDLII.

1335 2968 1533 3033 1515.
1579 2969 1793 3034 ko‘riil.

880 3129 1082 3195 Sulyok
1118 3128 1299 3180 Istvan
1336 3128 1536 3182 kezebe
1571 3129 1708 3195 folyt
1743 3128 1950 3196 pentek
1982 3126 2260 3195 jegyz6ke.

652 3298 956 3364 Introitus
1000 3302 1427 3382 pecuniarum
1474 3300 1559 3365 ad
1605 3320 1848 3412 manus
1890 3302 2204 3383 Stephani
2239 3300 2513 3384 Swlyok
2538 3262 2689 3433 post

438 3405 808 3469 discessum
862 3407 1016 3471 bani
1082 3409 1167 3471 ad
1232 3409 1480 3472 urbem.

529 3512 691 3576 Item
738 3515 946 3595 primo
1001 3534 1043 3578 a
1090 3516 1383 3598 dicatori-

437 3619 567 3684 bus
616 3621 967 3686 comitatus
1000 3623 1382 3688 Bachiensis

435 3727 523 3789 ad
587 3729 903 3792 rationem
977 3732 1209 3794 sallarii
1275 3734 1388 3795 do-

438 3834 595 3897 mini
634 3834 784 3898 bani
817 3839 1066 3902 ratione
1096 3840 1380 3904 banatus

438 3938 997 4008 Nandoralbensis
1044 3946 1273 4009 habuit
1372 3995 1387 4011 .
1479 3948 1765 4012 florenos
1811 3949 1876 4012 1¹¹·

527 4047 706 4110 Idem
718 4046 1095 4130 Stephanus
1107 4050 1385 4137 Swlyok

440 4154 890 4222 ultraeosdem
910 4160 1079 4223 mille
1096 4160 1382 4226 florenos
1424 4141 1430 4150 ⁵

438 4263 722 4343 percepit
750 4262 816 4327 in
848 4266 1162 4347 vigesima
1252 4313 1268 4329 .
1362 4317 1377 4332 .
1473 4270 1758 4334 florenos
1805 4271 1876 4334 L.

527 4367 685 4432 Item
795 4370 877 4435 de
987 4376 1383 4454 pertinentiis

439 4473 735 4557 Fwtagh‚
767 4478 1039 4559 Thelek,
1087 4481 1381 4546 Zabatka
1541 4564 1547 4571 ²

436 4589 501 4644 et
520 4582 890 4666 Cherewgh
918 4590 1202 4671 percepti
1230 4597 1388 4654 sunt
1478 4588 1704 4656 floreni
1750 4593 2023 4688 ‘111¹”1⁶n„
2116 4644 2119 4646 .
