3475 5200
558 2834 659 2890 jan.
694 2836 758 2877 11.

1718 361 2108 415 -108—

1718 686 2110 752 CLXXXIII.

1500 900 1718 981 Bada,
1766 900 1964 966 1437.
2003 898 2158 983 jan.
2205 901 2314 966 29.

789 1078 1077 1143 Zsigmond
1135 1077 1302 1145 kiraly
1358 1080 1679 1145 meghagyja
1744 1078 1992 1145 Zemplen
2049 1077 2458 1146 varmegyenek,
2495 1082 2750 1147 helyezze
2789 1083 2968 1134 vissza
3005 1099 3038 1133 a

790 1177 1078 1229 Bodaiakat
1114 1175 1173 1228 es
1200 1193 1232 1227 a
1258 1176 1722 1241 Kistarkanyiakat
1750 1166 1889 1228 Oros
1927 1176 1985 1228 es
2023 1177 2227 1229 Bodolo
2266 1181 2391 1230 kozt
2418 1177 2579 1230 fekv6
2602 1181 2870 1247 Akolszeg
2894 1179 3037 1232 nevfi

789 1275 1242 1338 birtokresziikbe,
1270 1278 1464 1342 melyet
1489 1277 1727 1341 Geszthy
1765 1275 1976 1340 Laszlo,
2003 1277 2326 1328 Brankovics
2366 1279 2589 1344 Gyorgy
2622 1277 2744 1330 riez
2777 1282 3037 1346 deszpota

788 1375 952 1439 tokaji
989 1373 1259 1440 varnagya
1296 1374 1605 1426 er6szakkal
1643 1391 1674 1425 a
1711 1378 1972 1440 deszpota
2007 1375 2197 1427 PaczIn
2236 1373 2376 1427 nevt‘i
2416 1375 2728 1429 birtokahoz
2766 1378 2970 1441 csatolt,
3008 1394 3035 1429 s

899 1470 1132 1538 egyuttal
1170 1473 1386 1524 Geszthi
1427 1471 1641 1524 Laszlot
1678 1490 1707 1524 e
1745 1474 2175 1526 hatalmaskodas
2214 1477 2362 1526 miatt
2397 1472 2581 1526 idezze
2619 1475 2927 1542 torve'nybe.

1007 1634 1470 1716 Sigismundus
1517 1638 1619 1700 dei
1667 1640 1874 1718 gratia
1921 1640 2367 1702 Romanorum
2399 1640 2750 1719 imperator
2779 1657 3036 1722 semper

793 1750 1121 1825 augustus
1157 1762 1237 1806 ac
1283 1745 1637 1826 Hungarie,
1670 1745 2004 1825 Bohemie,
2054 1746 2393 1826 Dalmatie‚
2443 1746 2700 1810 Croatie
2747 1755 2869 1811 etc.
2904 1767 3033 1827 rex,

792 1852 1091 1915 fidelibus
1139 1854 1379 1915 nostris
1427 1854 1641 1916 comiti
1686 1855 1791 1916 vel
1838 1854 2201 1917 vicecomiti
2248 1863 2313 1917 et
2352 1855 2683 1932 ⁸iudicibus
2726 1857 3033 1919 nobilium

793 1960 1143 2023 comitatus
1208 1960 1702 2040 Zempliniensis
1768 1962 2049 2024 salutem
2114 1969 2178 2023 et
2240 1963 2536 2041 gratiam.
2606 1961 2677 2024 In
2742 1964 3034 2044 personis

792 2067 1077 2130 fidelium
1149 2075 1524 2131 nostrorum
1595 2069 1947 2146 Benedicti,
2014 2068 2282 2131 Dionisii
2331 2077 2395 2130 et
2444 2065 2714 2132 Osvaldi
2760 2071 3035 2133 filiorum

795 2174 1042 2238 Nicolai
1089 2176 1334 2253 literati,
1383 2177 1645 2238 Andree
1692 2176 1800 2237 filii
1852 2176 2179 2238 Benedicti
2228 2177 2514 2239 similiter
2567 2178 2791 2239 literati
2839 2178 3033 2240 dicto-

793 2300 938 2346 rum
987 2283 1192 2361 Boda‚
1228 2301 1484 2347 necnon
1519 2283 1738 2346 Briccii
1780 2291 1842 2347 et
1874 2284 2153 2346 Ladislai
2187 2284 2465 2347 filiorum
2497 2286 2761 2347 alterius
2793 2284 3033 2348 Nicolai

794 2390 902 2452 filii
942 2390 1271 2472 Mathyws
1305 2393 1386 2454 de
1435 2391 1855 2476 Kystharkan
1904 2392 2094 2455 nobis
2140 2410 2220 2453 ac
2266 2393 2527 2472 prelatis
2574 2400 2638 2455 et
2684 2393 3033 2455 baronibus

795 2498 1034 2562 nostris
1099 2500 1447 2579 exponitur
1509 2500 1690 2578 gravi
1759 2518 1910 2562 curn
1961 2502 2243 2580 querela,
2312 2499 2648 2578 quomodo
2694 2500 3034 2562 Ladislaus

794 2606 967 2669 filius
1014 2607 1349 2669 Michaelis
1397 2608 1478 2670 de
1527 2608 1760 2685 Gezth,
1812 2609 2209 2670 castellanus
2261 2607 2450 2668 castri
2500 2606 2782 2688 Thokay
2825 2608 3033 2670 vocati

795 2730 908 2792 per
953 2714 1264 2777 illustrem
1312 2732 1532 2794 regem
1581 2717 1819 2778 ducem
1878 2715 2106 2777 Rascie
2173 2715 2587 2791 constitutus,
2654 2715 2812 2776 feria
2852 2714 3031 2776 tertia

794 2821 1091 2901 proxima
1130 2829 1281 2902 post
1314 2831 1623 2885 octavum
1657 2823 1825 2885 diem
1857 2823 2002 2885 festi
2036 2822 2450 2884 sacratissimi
2482 2822 2772 2902 corporis
2804 2821 3030 2884 Christi

797 2928 1089 3007 proxime
1136 2930 1437 3009 preteriti,
1487 2929 1821 3009 quandam
1868 2929 2249 3010 particulam
2314 2936 2478 2993 terre
2544 2929 2864 2992 dictorum
2929 2945 3032 2990 ex-

795 3034 1176 3115 ponentium
1226 3038 1519 3116 Akalzeg
1563 3043 1891 3113 vocatam,
1941 3038 2103 3098 intra
2149 3044 2361 3099 metas
2417 3054 2609 3098 veras
2674 3043 2737 3099 et
2802 3053 3029 3099 cursus

793 3144 1065 3206 metales
1095 3145 1589 3223 possessionem
1625 3145 1985 3207 eorundem
2017 3144 2249 3207 Ewres
2282 3151 2345 3206 et
2372 3144 2626 3207 Bodolo
2656 3151 3029 3206 vocatarum

794 3252 858 3312 in
906 3251 1197 3329 predicto
1265 3252 1578 3313 comitatu
1642 3251 2117 3331 Zempleniensi
2184 3253 2555 3313 habitarum
2603 3250 3028 3329 adjacentem,

790 3357 1007 3421 minus
1056 3359 1225 3422 iuste
1274 3365 1335 3421 et
1384 3359 1664 3421 indebite
1712 3376 1791 3419 ac
1840 3360 2143 3421 manibus
2204 3359 2565 3422 eorundem
2622 3365 3029 3438 occupasset,

786 3466 1098 3545 ipsosque
1146 3468 1227 3529 de
1276 3467 1570 3530 eiusdem
1637 3468 1926 3530 dominio
1974 3468 2315 3545 excluden,
2377 3476 2901 3546 occupatamque
2947 3467 3032 3527 ad

787 3575 1279 3652 possessionem
1345 3576 1634 3637 annotati
1698 3575 1953 3653 despoti
2026 3574 2290 3656 Pachyn
2356 3583 2685 3651 vocatam,
2747 3574 2831 3636 ad
2897 3593 3032 3654 pre-

786 3680 1030 3743 dictum
1078 3688 1364 3744 castrum
1414 3700 1612 3745 suum
1659 3681 1940 3761 Thokay
1988 3690 2396 3760 spectantem
2455 3683 2851 3759 annexisset,
2922 3699 3030 3762 per

784 3790 1196 3869 populosque
1245 3797 1308 3852 et
1350 3791 1739 3870 jobagiones
1788 3789 2085 3853 eiusdem
2134 3791 2577 3871 possessionis
2624 3790 2887 3852 Pachen
2918 3806 3026 3868 per

783 3897 1018 3959 ararari
1069 3890 1238 3978 (igy)
1285 3907 1348 3960 et
1396 3897 1698 3959 seminari
1750 3898 2030 3965 fecisset,
2082 3916 2282 3976 quam
2330 3898 2592 3977 quidem
2643 3905 2807 3959 terre
2846 3897 3027 3977 parti-

786 4006 1001 4067 culam
1067 4005 1261 4067 iidem
1320 4006 1541 4085 populi
1607 4014 1671 4068 et
1713 4006 2108 4084 jobagiones
2165 4006 2370 4084 Ipsius
2419 4006 2674 4084 despoti
2721 4022 2803 4068 ex
2854 4022 3023 4067 com-

783 4113 1091 4175 missione
1124 4114 1415 4175 annotati
1447 4112 1724 4176 Ladislai
1772 4113 1880 4175 filii
1921 4113 2256 4175 Michaelis
2303 4114 2383 4175 de
2417 4111 2629 4175 Gezth
2662 4131 2703 4174 a
2735 4120 3020 4192 tempore

781 4222 1071 4301 predicto
1118 4221 1219 4282 usi
1268 4220 1547 4284 fuissent
1594 4228 1656 4283 et
1702 4229 2038 4284 uterentur
2083 4221 2278 4284 etiam
2320 4219 2400 4282 de
2427 4220 2713 4300 presenti
2747 4219 3026 4299 potentia

783 4329 1127 4407 mediante,
1162 4329 1223 4391 in
1275 4331 1564 4409 ipsorum
1612 4329 2079 4410 exponentium
2117 4328 2541 4409 preiudicium
2572 4336 2635 4389 et
2668 4328 3025 4406 dampnum

778 4435 968 4498 valde
1015 4454 1349 4516 magnum.
1399 4436 1593 4499 Unde
1641 4436 2081 4517 supplicatum
2129 4435 2329 4498 extitit
2371 4435 2561 4497 nobis
2593 4434 3023 4515 predictisque

779 4545 1038 4626 prelatis
1085 4551 1149 4605 et
1194 4546 1551 4607 baronibus
1598 4545 1840 4608 nostris
1887 4562 2005 4625 pro
2053 4552 2235 4624 parte
2302 4543 2762 4622 prelibatorum
2834 4560 3026 4625 expo·
