<?xml version="1.0" encoding="UTF-8"?>
<!DOCTYPE html PUBLIC "-//W3C//DTD XHTML 1.0 Transitional//EN"
    "http://www.w3.org/TR/xhtml1/DTD/xhtml1-transitional.dtd">
<html xmlns="http://www.w3.org/1999/xhtml" xml:lang="en" lang="en">
 <head>
  <title>
</title>
<meta http-equiv="Content-Type" content="text/html;charset=utf-8" />
  <meta name='ocr-system' content='tesseract 3.04.00' />
  <meta name='ocr-capabilities' content='ocr_page ocr_carea ocr_par ocr_line ocrx_word'/>
</head>
<body>
  <div class='ocr_page' id='page_1' title='image "./codexdiplomatic00horvgoog/codexdiplomatic00horvgoog_0422.png"; bbox 0 0 3475 5200; ppageno 0'>
   <div class='ocr_carea' id='block_1_1' title="bbox 1757 358 2146 410">
    <p class='ocr_par' dir='ltr' id='par_1_1' title="bbox 1757 358 2146 410">
     <span class='ocr_line' id='line_1_1' title="bbox 1757 358 2146 410; baseline 0.003 -1"><span class='ocrx_word' id='word_1_1' title='bbox 1757 358 2003 410; x_wconf 81' lang='lat'>—290</span> <span class='ocrx_word' id='word_1_2' title='bbox 2079 384 2146 394; x_wconf 90' lang='lat'>-</span> 
     </span>
    </p>
   </div>
   <div class='ocr_carea' id='block_1_2' title="bbox 826 577 3072 3137">
    <p class='ocr_par' dir='ltr' id='par_1_2' title="bbox 826 577 3072 3137">
     <span class='ocr_line' id='line_1_2' title="bbox 830 577 3071 657; baseline 0 -15"><span class='ocrx_word' id='word_1_3' title='bbox 830 580 996 643; x_wconf 86' lang='lat' dir='ltr'><strong>natis</strong></span> <span class='ocrx_word' id='word_1_4' title='bbox 1062 579 1364 642; x_wconf 86' lang='lat' dir='ltr'>hostibus</span> <span class='ocrx_word' id='word_1_5' title='bbox 1428 577 1566 656; x_wconf 87' lang='lat' dir='ltr'><strong>illis,</strong></span> <span class='ocrx_word' id='word_1_6' title='bbox 1632 578 1719 639; x_wconf 93' lang='lat' dir='ltr'><strong>ad</strong></span> <span class='ocrx_word' id='word_1_7' title='bbox 1758 596 1955 657; x_wconf 80' lang='lat' dir='ltr'><strong>quos</strong></span> <span class='ocrx_word' id='word_1_8' title='bbox 2021 577 2474 656; x_wconf 89' lang='lat' dir='ltr'><strong>subiugandos</strong></span> <span class='ocrx_word' id='word_1_9' title='bbox 2520 580 2880 657; x_wconf 85' lang='lat' dir='ltr'><strong>transierat,</strong></span> <span class='ocrx_word' id='word_1_10' title='bbox 2944 581 3071 643; x_wconf 90' lang='lat' dir='ltr'><strong>iam</strong></span> 
     </span>
     <span class='ocr_line' id='line_1_3' title="bbox 830 685 3072 765; baseline 0.001 -16"><span class='ocrx_word' id='word_1_11' title='bbox 830 704 976 749; x_wconf 82' lang='lat' dir='ltr'><strong>esse</strong></span> <span class='ocrx_word' id='word_1_12' title='bbox 1024 688 1089 749; x_wconf 90' lang='lat' dir='ltr'><strong>in</strong></span> <span class='ocrx_word' id='word_1_13' title='bbox 1138 704 1438 765; x_wconf 89' lang='lat' dir='ltr'><strong>regressu</strong></span> <span class='ocrx_word' id='word_1_14' title='bbox 1486 692 1548 747; x_wconf 91' lang='lat' dir='ltr'><strong>et</strong></span> <span class='ocrx_word' id='word_1_15' title='bbox 1597 685 1865 748; x_wconf 89' lang='lat' dir='ltr'><strong>omnino</strong></span> <span class='ocrx_word' id='word_1_16' title='bbox 1913 685 2223 747; x_wconf 84' lang='lat' dir='ltr'><strong>statuisse</strong></span> <span class='ocrx_word' id='word_1_17' title='bbox 2253 693 2467 747; x_wconf 90' lang='lat' dir='ltr'><strong>castra</strong></span> <span class='ocrx_word' id='word_1_18' title='bbox 2497 686 2779 765; x_wconf 90' lang='lat' dir='ltr'><strong>primum</strong></span> <span class='ocrx_word' id='word_1_19' title='bbox 2823 688 3072 751; x_wconf 89' lang='lat' dir='ltr'><strong>minora</strong></span> 
     </span>
     <span class='ocr_line' id='line_1_4' title="bbox 830 792 3070 875; baseline 0 -18"><span class='ocrx_word' id='word_1_20' title='bbox 830 795 1010 857; x_wconf 85' lang='lat' dir='ltr'><strong>iuxta</strong></span> <span class='ocrx_word' id='word_1_21' title='bbox 1055 792 1304 856; x_wconf 86' lang='lat' dir='ltr'><strong>Savum</strong></span> <span class='ocrx_word' id='word_1_22' title='bbox 1352 793 1638 872; x_wconf 84' lang='lat' dir='ltr'>aggredi,</span> <span class='ocrx_word' id='word_1_23' title='bbox 1687 792 1921 855; x_wconf 92' lang='lat' dir='ltr'><strong>deinde</strong></span> <span class='ocrx_word' id='word_1_24' title='bbox 1970 793 2089 854; x_wconf 91' lang='lat' dir='ltr'><strong>illis</strong></span> <span class='ocrx_word' id='word_1_25' title='bbox 2136 793 2419 855; x_wconf 91' lang='lat' dir='ltr'><strong>obtentis</strong></span> <span class='ocrx_word' id='word_1_26' title='bbox 2452 794 2646 856; x_wconf 90' lang='lat' dir='ltr'><strong>etiam</strong></span> <span class='ocrx_word' id='word_1_27' title='bbox 2680 794 3070 875; x_wconf 87' lang='lat' dir='ltr'><strong>Belgradum</strong></span> 
     </span>
     <span class='ocr_line' id='line_1_5' title="bbox 830 900 3069 980; baseline 0 -16"><span class='ocrx_word' id='word_1_28' title='bbox 830 900 1142 965; x_wconf 83' lang='lat' dir='ltr'><strong>obsidere.</strong></span> <span class='ocrx_word' id='word_1_29' title='bbox 1193 900 1406 963; x_wconf 84' lang='lat' dir='ltr'><strong>Refert</strong></span> <span class='ocrx_word' id='word_1_30' title='bbox 1451 901 1646 963; x_wconf 90' lang='lat' dir='ltr'><strong>etiam</strong></span> <span class='ocrx_word' id='word_1_31' title='bbox 1692 903 1896 963; x_wconf 86' lang='lat' dir='ltr'><strong>homo</strong></span> <span class='ocrx_word' id='word_1_32' title='bbox 1935 907 2175 978; x_wconf 89' lang='lat' dir='ltr'><strong>noster,</strong></span> <span class='ocrx_word' id='word_1_33' title='bbox 2224 918 2424 980; x_wconf 90' lang='lat' dir='ltr'><strong>quem</strong></span> <span class='ocrx_word' id='word_1_34' title='bbox 2453 919 2686 964; x_wconf 90' lang='lat' dir='ltr'><strong>versus</strong></span> <span class='ocrx_word' id='word_1_35' title='bbox 2732 904 3069 966; x_wconf 89' lang='lat' dir='ltr'><strong>castellum</strong></span> 
     </span>
     <span class='ocr_line' id='line_1_6' title="bbox 830 1008 3068 1087; baseline 0 -15"><span class='ocrx_word' id='word_1_36' title='bbox 830 1017 1123 1072; x_wconf 85' lang='lat' dir='ltr'><strong>nostrum</strong></span> <span class='ocrx_word' id='word_1_37' title='bbox 1162 1008 1393 1072; x_wconf 89' lang='lat' dir='ltr'><strong>Barich</strong></span> <span class='ocrx_word' id='word_1_38' title='bbox 1427 1008 1528 1071; x_wconf 87' lang='lat' dir='ltr'><strong>his</strong></span> <span class='ocrx_word' id='word_1_39' title='bbox 1558 1008 1790 1070; x_wconf 91' lang='lat' dir='ltr'><strong>diebus</strong></span> <span class='ocrx_word' id='word_1_40' title='bbox 1823 1008 2233 1087; x_wconf 81' lang='lat' dir='ltr'><strong>miseramus,</strong></span> <span class='ocrx_word' id='word_1_41' title='bbox 2282 1016 2432 1071; x_wconf 86' lang='lat' dir='ltr'><strong>octo</strong></span> <span class='ocrx_word' id='word_1_42' title='bbox 2471 1009 2665 1071; x_wconf 90' lang='lat' dir='ltr'><strong>millia</strong></span> <span class='ocrx_word' id='word_1_43' title='bbox 2703 1009 3068 1073; x_wconf 77' lang='lat' dir='ltr'>Tuscorum</span> 
     </span>
     <span class='ocr_line' id='line_1_7' title="bbox 830 1116 3070 1198; baseline 0.001 -18"><span class='ocrx_word' id='word_1_44' title='bbox 830 1116 1005 1198; x_wconf 82' lang='lat' dir='ltr'><strong>apud</strong></span> <span class='ocrx_word' id='word_1_45' title='bbox 1068 1116 1328 1180; x_wconf 84' lang='lat' dir='ltr'><strong>fodinas</strong></span> <span class='ocrx_word' id='word_1_46' title='bbox 1392 1133 1540 1179; x_wconf 91' lang='lat' dir='ltr'><strong>esse</strong></span> <span class='ocrx_word' id='word_1_47' title='bbox 1604 1125 2058 1196; x_wconf 86' lang='lat' dir='ltr'><strong>congregatos,</strong></span> <span class='ocrx_word' id='word_1_48' title='bbox 2126 1134 2206 1178; x_wconf 92' lang='lat' dir='ltr'><strong>eo</strong></span> <span class='ocrx_word' id='word_1_49' title='bbox 2253 1116 2609 1197; x_wconf 89' lang='lat' dir='ltr'><strong>proposito,</strong></span> <span class='ocrx_word' id='word_1_50' title='bbox 2675 1124 2748 1180; x_wconf 89' lang='lat' dir='ltr'><strong>ut</strong></span> <span class='ocrx_word' id='word_1_51' title='bbox 2802 1120 3070 1182; x_wconf 89' lang='lat' dir='ltr'><strong>transito</strong></span> 
     </span>
     <span class='ocr_line' id='line_1_8' title="bbox 834 1224 3072 1304; baseline 0 -16"><span class='ocrx_word' id='word_1_52' title='bbox 834 1226 1094 1289; x_wconf 70' lang='lat' dir='ltr'><strong>{lumine</strong></span> <span class='ocrx_word' id='word_1_53' title='bbox 1156 1225 1333 1303; x_wconf 91' lang='lat' dir='ltr'><strong>Zavi,</strong></span> <span class='ocrx_word' id='word_1_54' title='bbox 1399 1242 1598 1304; x_wconf 88' lang='lat' dir='ltr'><strong>quem</strong></span> <span class='ocrx_word' id='word_1_55' title='bbox 1664 1224 2034 1287; x_wconf 88' lang='lat' dir='ltr'><strong>decrevisse</strong></span> <span class='ocrx_word' id='word_1_56' title='bbox 2110 1226 2386 1287; x_wconf 91' lang='lat' dir='ltr'><strong>multum</strong></span> <span class='ocrx_word' id='word_1_57' title='bbox 2458 1224 2700 1304; x_wconf 94' lang='lat' dir='ltr'><strong>dicunt,</strong></span> <span class='ocrx_word' id='word_1_58' title='bbox 2766 1228 2935 1289; x_wconf 91' lang='lat' dir='ltr'><strong>adeo</strong></span> <span class='ocrx_word' id='word_1_59' title='bbox 3002 1237 3072 1289; x_wconf 91' lang='lat' dir='ltr'><strong>ut</strong></span> 
     </span>
     <span class='ocr_line' id='line_1_9' title="bbox 830 1332 3067 1414; baseline 0 -18"><span class='ocrx_word' id='word_1_60' title='bbox 830 1335 1123 1414; x_wconf 85' lang='lat' dir='ltr'><strong>pervium</strong></span> <span class='ocrx_word' id='word_1_61' title='bbox 1187 1333 1304 1395; x_wconf 90' lang='lat' dir='ltr'><strong>iter</strong></span> <span class='ocrx_word' id='word_1_62' title='bbox 1372 1332 1699 1411; x_wconf 90' lang='lat' dir='ltr'><strong>equitibus</strong></span> <span class='ocrx_word' id='word_1_63' title='bbox 1747 1334 2032 1412; x_wconf 82' lang='lat' dir='ltr'><strong>prebeat,</strong></span> <span class='ocrx_word' id='word_1_64' title='bbox 2093 1333 2531 1395; x_wconf 87' lang='lat' dir='ltr'><strong>incursionem</strong></span> <span class='ocrx_word' id='word_1_65' title='bbox 2580 1334 2642 1395; x_wconf 92' lang='lat' dir='ltr'><strong>in</strong></span> <span class='ocrx_word' id='word_1_66' title='bbox 2690 1334 3067 1396; x_wconf 90' lang='lat' dir='ltr'><strong>comitatum</strong></span> 
     </span>
     <span class='ocr_line' id='line_1_10' title="bbox 830 1440 3068 1516; baseline 0 -12"><span class='ocrx_word' id='word_1_67' title='bbox 830 1440 1248 1504; x_wconf 84' lang='lat' dir='ltr'><strong>Sirmiensem</strong></span> <span class='ocrx_word' id='word_1_68' title='bbox 1315 1441 1575 1516; x_wconf 89' lang='lat' dir='ltr'><strong>faciant,</strong></span> <span class='ocrx_word' id='word_1_69' title='bbox 1642 1447 1705 1502; x_wconf 90' lang='lat' dir='ltr'><strong>et</strong></span> <span class='ocrx_word' id='word_1_70' title='bbox 1769 1459 1947 1502; x_wconf 89' lang='lat' dir='ltr'><strong>nunc</strong></span> <span class='ocrx_word' id='word_1_71' title='bbox 2011 1440 2320 1504; x_wconf 91' lang='lat' dir='ltr'><strong>finitimos</strong></span> <span class='ocrx_word' id='word_1_72' title='bbox 2385 1442 2527 1503; x_wconf 91' lang='lat' dir='ltr'><strong>illos</strong></span> <span class='ocrx_word' id='word_1_73' title='bbox 2593 1442 2772 1503; x_wconf 86' lang='lat' dir='ltr'><strong>iuxta</strong></span> <span class='ocrx_word' id='word_1_74' title='bbox 2818 1442 3068 1504; x_wconf 91' lang='lat' dir='ltr'><strong>Zavum</strong></span> 
     </span>
     <span class='ocr_line' id='line_1_11' title="bbox 830 1548 3069 1627; baseline 0.001 -18"><span class='ocrx_word' id='word_1_75' title='bbox 830 1550 1116 1611; x_wconf 87' lang='lat' dir='ltr'><strong>maximo</strong></span> <span class='ocrx_word' id='word_1_76' title='bbox 1163 1565 1311 1611; x_wconf 91' lang='lat' dir='ltr'><strong>esse</strong></span> <span class='ocrx_word' id='word_1_77' title='bbox 1358 1555 1596 1610; x_wconf 88' lang='lat' dir='ltr'><strong>terrore</strong></span> <span class='ocrx_word' id='word_1_78' title='bbox 1628 1550 1997 1627; x_wconf 88' lang='lat' dir='ltr'><strong>perculsos;</strong></span> <span class='ocrx_word' id='word_1_79' title='bbox 2048 1548 2260 1610; x_wconf 90' lang='lat' dir='ltr'><strong>scriba</strong></span> <span class='ocrx_word' id='word_1_80' title='bbox 2286 1566 2444 1611; x_wconf 87' lang='lat' dir='ltr'><strong>vero</strong></span> <span class='ocrx_word' id='word_1_81' title='bbox 2473 1549 2643 1625; x_wconf 90' lang='lat' dir='ltr'><strong>dicit,</strong></span> <span class='ocrx_word' id='word_1_82' title='bbox 2689 1552 2856 1610; x_wconf 88' lang='lat' dir='ltr'><strong>ultra</strong></span> <span class='ocrx_word' id='word_1_83' title='bbox 2889 1550 3069 1611; x_wconf 88' lang='lat' dir='ltr'><strong>mari-</strong></span> 
     </span>
     <span class='ocr_line' id='line_1_12' title="bbox 834 1653 3066 1735; baseline 0 -18"><span class='ocrx_word' id='word_1_84' title='bbox 834 1658 1023 1719; x_wconf 80' lang='lat' dir='ltr'><strong>timos</strong></span> <span class='ocrx_word' id='word_1_85' title='bbox 1088 1674 1322 1719; x_wconf 92' lang='lat' dir='ltr'><strong>omnes</strong></span> <span class='ocrx_word' id='word_1_86' title='bbox 1377 1656 1648 1718; x_wconf 87' lang='lat' dir='ltr'><strong>bassam</strong></span> <span class='ocrx_word' id='word_1_87' title='bbox 1695 1654 1778 1717; x_wconf 92' lang='lat' dir='ltr'><strong>de</strong></span> <span class='ocrx_word' id='word_1_88' title='bbox 1826 1653 2206 1717; x_wconf 87' lang='lat' dir='ltr'><strong>Smederew</strong></span> <span class='ocrx_word' id='word_1_89' title='bbox 2253 1673 2334 1717; x_wconf 84' lang='lat' dir='ltr'><strong>ex</strong></span> <span class='ocrx_word' id='word_1_90' title='bbox 2383 1656 2634 1734; x_wconf 89' lang='lat' dir='ltr'><strong>Sophia</strong></span> <span class='ocrx_word' id='word_1_91' title='bbox 2683 1656 3066 1735; x_wconf 89' lang='lat' dir='ltr'><strong>advocasse,</strong></span> 
     </span>
     <span class='ocr_line' id='line_1_13' title="bbox 830 1760 3060 1843; baseline -0.001 -16"><span class='ocrx_word' id='word_1_92' title='bbox 830 1774 891 1827; x_wconf 84' lang='lat' dir='ltr'><strong>et</strong></span> <span class='ocrx_word' id='word_1_93' title='bbox 928 1781 1045 1827; x_wconf 93' lang='lat' dir='ltr'><strong>eos</strong></span> <span class='ocrx_word' id='word_1_94' title='bbox 1091 1782 1224 1826; x_wconf 90' lang='lat' dir='ltr'><strong>non</strong></span> <span class='ocrx_word' id='word_1_95' title='bbox 1271 1765 1466 1843; x_wconf 88' lang='lat' dir='ltr'><strong>longe</strong></span> <span class='ocrx_word' id='word_1_96' title='bbox 1516 1782 1557 1824; x_wconf 94' lang='lat' dir='ltr'><strong>a</strong></span> <span class='ocrx_word' id='word_1_97' title='bbox 1598 1760 1975 1825; x_wconf 89' lang='lat' dir='ltr'><strong>Smederew</strong></span> <span class='ocrx_word' id='word_1_98' title='bbox 2009 1764 2398 1825; x_wconf 90' lang='lat' dir='ltr'><strong>constitutos</strong></span> <span class='ocrx_word' id='word_1_99' title='bbox 2437 1764 2773 1843; x_wconf 88' lang='lat' dir='ltr'><strong>prestolari</strong></span> <span class='ocrx_word' id='word_1_100' title='bbox 2823 1765 3060 1826; x_wconf 85' lang='lat' dir='ltr'><strong>cesaris</strong></span> 
     </span>
     <span class='ocr_line' id='line_1_14' title="bbox 830 1871 3066 1951; baseline -0 -17"><span class='ocrx_word' id='word_1_101' title='bbox 830 1874 1202 1935; x_wconf 85' lang='lat' dir='ltr'><strong>adventum.</strong></span> <span class='ocrx_word' id='word_1_102' title='bbox 1272 1871 1599 1951; x_wconf 77' lang='lat' dir='ltr'><strong>Quidquid</strong></span> <span class='ocrx_word' id='word_1_103' title='bbox 1666 1871 1768 1949; x_wconf 91' lang='lat' dir='ltr'><strong>sit,</strong></span> <span class='ocrx_word' id='word_1_104' title='bbox 1835 1887 1970 1931; x_wconf 89' lang='lat' dir='ltr'><strong>non</strong></span> <span class='ocrx_word' id='word_1_105' title='bbox 2035 1871 2152 1933; x_wconf 89' lang='lat' dir='ltr'><strong>erit</strong></span> <span class='ocrx_word' id='word_1_106' title='bbox 2215 1873 2482 1947; x_wconf 90' lang='lat' dir='ltr'><strong>malum,</strong></span> <span class='ocrx_word' id='word_1_107' title='bbox 2551 1872 2836 1935; x_wconf 85' lang='lat' dir='ltr'><strong>celeriter</strong></span> <span class='ocrx_word' id='word_1_108' title='bbox 2899 1879 2962 1933; x_wconf 91' lang='lat' dir='ltr'><strong>et</strong></span> <span class='ocrx_word' id='word_1_109' title='bbox 3007 1872 3066 1933; x_wconf 88' lang='lat' dir='ltr'><strong>in</strong></span> 
     </span>
     <span class='ocr_line' id='line_1_15' title="bbox 828 1979 3068 2060; baseline 0 -19"><span class='ocrx_word' id='word_1_110' title='bbox 828 1993 1116 2060; x_wconf 78' lang='lat' dir='ltr'><strong>tempore</strong></span> <span class='ocrx_word' id='word_1_111' title='bbox 1181 1980 1588 2042; x_wconf 87' lang='lat' dir='ltr'><strong>maiestatem</strong></span> <span class='ocrx_word' id='word_1_112' title='bbox 1632 1984 1919 2041; x_wconf 90' lang='lat' dir='ltr'><strong>vestram</strong></span> <span class='ocrx_word' id='word_1_113' title='bbox 1984 1979 2322 2059; x_wconf 89' lang='lat' dir='ltr'><strong>providere</strong></span> <span class='ocrx_word' id='word_1_114' title='bbox 2369 1981 2450 2041; x_wconf 93' lang='lat' dir='ltr'><strong>de</strong></span> <span class='ocrx_word' id='word_1_115' title='bbox 2495 1980 2801 2060; x_wconf 87' lang='lat' dir='ltr'><strong>gentibus</strong></span> <span class='ocrx_word' id='word_1_116' title='bbox 2849 1997 3068 2041; x_wconf 91' lang='lat' dir='ltr'><strong>nume-</strong></span> 
     </span>
     <span class='ocr_line' id='line_1_16' title="bbox 830 2080 3066 2167; baseline 0 -18"><span class='ocrx_word' id='word_1_117' title='bbox 830 2087 1180 2150; x_wconf 82' lang='lat' dir='ltr'><strong>rosioribus</strong></span> <span class='ocrx_word' id='word_1_118' title='bbox 1226 2088 1308 2150; x_wconf 90' lang='lat' dir='ltr'><strong>ad</strong></span> <span class='ocrx_word' id='word_1_119' title='bbox 1356 2080 1767 2165; x_wconf 88' lang='lat' dir='ltr'><strong>Belgradum,</strong></span> <span class='ocrx_word' id='word_1_120' title='bbox 1819 2086 1970 2165; x_wconf 91' lang='lat' dir='ltr'><strong>quia</strong></span> <span class='ocrx_word' id='word_1_121' title='bbox 2015 2087 2286 2166; x_wconf 88' lang='lat' dir='ltr'><strong>pedites,</strong></span> <span class='ocrx_word' id='word_1_122' title='bbox 2333 2087 2442 2165; x_wconf 92' lang='lat' dir='ltr'><strong>qui</strong></span> <span class='ocrx_word' id='word_1_123' title='bbox 2490 2087 2669 2150; x_wconf 92' lang='lat' dir='ltr'><strong>missi</strong></span> <span class='ocrx_word' id='word_1_124' title='bbox 2718 2105 2834 2167; x_wconf 90' lang='lat' dir='ltr'><strong>per</strong></span> <span class='ocrx_word' id='word_1_125' title='bbox 2874 2088 3066 2149; x_wconf 89' lang='lat' dir='ltr'><strong>maie·</strong></span> 
     </span>
     <span class='ocr_line' id='line_1_17' title="bbox 826 2194 3066 2275; baseline -0 -18"><span class='ocrx_word' id='word_1_126' title='bbox 826 2203 1061 2257; x_wconf 78' lang='lat' dir='ltr'><strong>statem</strong></span> <span class='ocrx_word' id='word_1_127' title='bbox 1109 2201 1395 2257; x_wconf 89' lang='lat' dir='ltr'><strong>vestram</strong></span> <span class='ocrx_word' id='word_1_128' title='bbox 1444 2195 1721 2273; x_wconf 88' lang='lat' dir='ltr'><strong>fuerant,</strong></span> <span class='ocrx_word' id='word_1_129' title='bbox 1770 2194 2000 2275; x_wconf 89' lang='lat' dir='ltr'><strong>partim</strong></span> <span class='ocrx_word' id='word_1_130' title='bbox 2049 2194 2424 2274; x_wconf 88' lang='lat' dir='ltr'><strong>intemperie</strong></span> <span class='ocrx_word' id='word_1_131' title='bbox 2471 2194 2705 2257; x_wconf 90' lang='lat' dir='ltr'><strong>insueti</strong></span> <span class='ocrx_word' id='word_1_132' title='bbox 2738 2196 2927 2271; x_wconf 90' lang='lat' dir='ltr'><strong>aeris,</strong></span> <span class='ocrx_word' id='word_1_133' title='bbox 2968 2195 3066 2256; x_wconf 88' lang='lat' dir='ltr'><strong>vel</strong></span> 
     </span>
     <span class='ocr_line' id='line_1_18' title="bbox 826 2302 3067 2382; baseline -0 -18"><span class='ocrx_word' id='word_1_134' title='bbox 826 2302 1157 2381; x_wconf 84' lang='lat' dir='ltr'><strong>potatione</strong></span> <span class='ocrx_word' id='word_1_135' title='bbox 1204 2302 1422 2378; x_wconf 91' lang='lat' dir='ltr'><strong>nimia,</strong></span> <span class='ocrx_word' id='word_1_136' title='bbox 1488 2302 1760 2382; x_wconf 89' lang='lat' dir='ltr'><strong>correpti</strong></span> <span class='ocrx_word' id='word_1_137' title='bbox 1824 2302 2269 2380; x_wconf 88' lang='lat' dir='ltr'><strong>languoribus,</strong></span> <span class='ocrx_word' id='word_1_138' title='bbox 2336 2302 2567 2382; x_wconf 88' lang='lat' dir='ltr'><strong>partim</strong></span> <span class='ocrx_word' id='word_1_139' title='bbox 2621 2303 2934 2382; x_wconf 88' lang='lat' dir='ltr'><strong>pecuniis,</strong></span> <span class='ocrx_word' id='word_1_140' title='bbox 2999 2308 3067 2363; x_wconf 88' lang='lat' dir='ltr'><strong>ut</strong></span> 
     </span>
     <span class='ocr_line' id='line_1_19' title="bbox 826 2408 3068 2490; baseline 0.001 -23"><span class='ocrx_word' id='word_1_141' title='bbox 826 2410 1028 2485; x_wconf 73' lang='lat' dir='ltr'><strong>aiunt,</strong></span> <span class='ocrx_word' id='word_1_142' title='bbox 1076 2418 1152 2472; x_wconf 16' lang='lat' dir='ltr'><strong>etr</strong></span> <span class='ocrx_word' id='word_1_143' title='bbox 1172 2409 1388 2471; x_wconf 88' lang='lat' dir='ltr'><strong>debito</strong></span> <span class='ocrx_word' id='word_1_144' title='bbox 1423 2410 1744 2489; x_wconf 89' lang='lat' dir='ltr'><strong>stipendio</strong></span> <span class='ocrx_word' id='word_1_145' title='bbox 1777 2408 2081 2487; x_wconf 90' lang='lat' dir='ltr'><strong>destituti,</strong></span> <span class='ocrx_word' id='word_1_146' title='bbox 2130 2409 2417 2470; x_wconf 82' lang='lat' dir='ltr'><strong>maxima</strong></span> <span class='ocrx_word' id='word_1_147' title='bbox 2454 2409 2518 2469; x_wconf 90' lang='lat' dir='ltr'><strong>in</strong></span> <span class='ocrx_word' id='word_1_148' title='bbox 2559 2416 2740 2490; x_wconf 91' lang='lat' dir='ltr'><strong>parte</strong></span> <span class='ocrx_word' id='word_1_149' title='bbox 2774 2410 3068 2473; x_wconf 89' lang='lat' dir='ltr'><strong>dicuntur</strong></span> 
     </span>
     <span class='ocr_line' id='line_1_20' title="bbox 826 2516 3066 2599; baseline 0 -22"><span class='ocrx_word' id='word_1_150' title='bbox 826 2517 1249 2579; x_wconf 75' lang='lat' dir='ltr'><strong>abscessisse.</strong></span> <span class='ocrx_word' id='word_1_151' title='bbox 1317 2516 1539 2595; x_wconf 91' lang='lat' dir='ltr'><strong>Itaque</strong></span> <span class='ocrx_word' id='word_1_152' title='bbox 1595 2517 1648 2578; x_wconf 91' lang='lat' dir='ltr'><strong>si</strong></span> <span class='ocrx_word' id='word_1_153' title='bbox 1718 2533 2011 2579; x_wconf 88' lang='lat' dir='ltr'><strong>cesarem</strong></span> <span class='ocrx_word' id='word_1_154' title='bbox 2076 2517 2407 2596; x_wconf 91' lang='lat' dir='ltr'><strong>quidpiam</strong></span> <span class='ocrx_word' id='word_1_155' title='bbox 2465 2517 2669 2578; x_wconf 92' lang='lat' dir='ltr'><strong>moliri</strong></span> <span class='ocrx_word' id='word_1_156' title='bbox 2718 2518 3066 2599; x_wconf 85' lang='lat' dir='ltr'><strong>contingat,</strong></span> 
     </span>
     <span class='ocr_line' id='line_1_21' title="bbox 830 2624 3067 2706; baseline 0.001 -21"><span class='ocrx_word' id='word_1_157' title='bbox 830 2642 959 2685; x_wconf 85' lang='lat' dir='ltr'><strong>non</strong></span> <span class='ocrx_word' id='word_1_158' title='bbox 1007 2633 1107 2686; x_wconf 90' lang='lat' dir='ltr'><strong>est</strong></span> <span class='ocrx_word' id='word_1_159' title='bbox 1153 2642 1329 2686; x_wconf 89' lang='lat' dir='ltr'><strong>nunc</strong></span> <span class='ocrx_word' id='word_1_160' title='bbox 1376 2624 1480 2687; x_wconf 88' lang='lat' dir='ltr'><strong>illa</strong></span> <span class='ocrx_word' id='word_1_161' title='bbox 1527 2625 1810 2704; x_wconf 90' lang='lat' dir='ltr'><strong>provisio</strong></span> <span class='ocrx_word' id='word_1_162' title='bbox 1861 2624 2220 2700; x_wconf 89' lang='lat' dir='ltr'><strong>resistendi,</strong></span> <span class='ocrx_word' id='word_1_163' title='bbox 2261 2643 2390 2704; x_wconf 93' lang='lat' dir='ltr'><strong>que</strong></span> <span class='ocrx_word' id='word_1_164' title='bbox 2432 2643 2638 2706; x_wconf 88' lang='lat' dir='ltr'><strong>nuper</strong></span> <span class='ocrx_word' id='word_1_165' title='bbox 2669 2626 2804 2691; x_wconf 84' lang='lat' dir='ltr'><strong>fuit.</strong></span> <span class='ocrx_word' id='word_1_166' title='bbox 2855 2627 3067 2706; x_wconf 77' lang='lat' dir='ltr'><strong>Quam</strong></span> 
     </span>
     <span class='ocr_line' id='line_1_22' title="bbox 830 2731 3068 2812; baseline 0.002 -21"><span class='ocrx_word' id='word_1_167' title='bbox 830 2749 961 2793; x_wconf 78' lang='lat' dir='ltr'><strong>rem</strong></span> <span class='ocrx_word' id='word_1_168' title='bbox 1010 2738 1082 2792; x_wconf 94' lang='lat' dir='ltr'><strong>ut</strong></span> <span class='ocrx_word' id='word_1_169' title='bbox 1129 2731 1439 2793; x_wconf 88' lang='lat' dir='ltr'><strong>maiestas</strong></span> <span class='ocrx_word' id='word_1_170' title='bbox 1486 2739 1702 2794; x_wconf 91' lang='lat' dir='ltr'><strong>vestra</strong></span> <span class='ocrx_word' id='word_1_171' title='bbox 1749 2733 1924 2794; x_wconf 89' lang='lat' dir='ltr'><strong>cordi</strong></span> <span class='ocrx_word' id='word_1_172' title='bbox 1989 2733 2226 2794; x_wconf 91' lang='lat' dir='ltr'><strong>habere</strong></span> <span class='ocrx_word' id='word_1_173' title='bbox 2271 2732 2569 2812; x_wconf 88' lang='lat' dir='ltr'><strong>dignetur</strong></span> <span class='ocrx_word' id='word_1_174' title='bbox 2618 2741 2682 2795; x_wconf 92' lang='lat' dir='ltr'><strong>et</strong></span> <span class='ocrx_word' id='word_1_175' title='bbox 2730 2733 2871 2795; x_wconf 89' lang='lat' dir='ltr'><strong>sine</strong></span> <span class='ocrx_word' id='word_1_176' title='bbox 2923 2734 3068 2795; x_wconf 89' lang='lat' dir='ltr'><strong>dila-</strong></span> 
     </span>
     <span class='ocr_line' id='line_1_23' title="bbox 830 2838 3065 2920; baseline 0.001 -22"><span class='ocrx_word' id='word_1_177' title='bbox 830 2839 999 2899; x_wconf 86' lang='lat' dir='ltr'><strong>tione</strong></span> <span class='ocrx_word' id='word_1_178' title='bbox 1031 2838 1366 2918; x_wconf 89' lang='lat' dir='ltr'><strong>providere</strong></span> <span class='ocrx_word' id='word_1_179' title='bbox 1399 2841 1883 2919; x_wconf 89' lang='lat' dir='ltr'><strong>supplicamus;</strong></span> <span class='ocrx_word' id='word_1_180' title='bbox 1934 2840 2169 2902; x_wconf 88' lang='lat' dir='ltr'><strong>scitum</strong></span> <span class='ocrx_word' id='word_1_181' title='bbox 2201 2840 2440 2920; x_wconf 92' lang='lat' dir='ltr'><strong>quippe</strong></span> <span class='ocrx_word' id='word_1_182' title='bbox 2472 2841 2625 2901; x_wconf 92' lang='lat' dir='ltr'><strong>illud</strong></span> <span class='ocrx_word' id='word_1_183' title='bbox 2657 2842 3065 2919; x_wconf 89' lang='lat' dir='ltr'><strong>proverbium</strong></span> 
     </span>
     <span class='ocr_line' id='line_1_24' title="bbox 830 2946 3069 3027; baseline 0.001 -20"><span class='ocrx_word' id='word_1_184' title='bbox 830 2952 945 3023; x_wconf 83' lang='lat' dir='ltr'><strong>est,</strong></span> <span class='ocrx_word' id='word_1_185' title='bbox 993 2946 1127 3007; x_wconf 91' lang='lat' dir='ltr'><strong>iure</strong></span> <span class='ocrx_word' id='word_1_186' title='bbox 1174 2954 1238 3008; x_wconf 92' lang='lat' dir='ltr'><strong>et</strong></span> <span class='ocrx_word' id='word_1_187' title='bbox 1292 2947 1545 3027; x_wconf 86' lang='lat' dir='ltr'><strong>legibus</strong></span> <span class='ocrx_word' id='word_1_188' title='bbox 1609 2954 1916 3010; x_wconf 90' lang='lat' dir='ltr'><strong>cautum:</strong></span> <span class='ocrx_word' id='word_1_189' title='bbox 1985 2948 2164 3025; x_wconf 92' lang='lat' dir='ltr'><strong>quod</strong></span> <span class='ocrx_word' id='word_1_190' title='bbox 2229 2948 2551 3009; x_wconf 90' lang='lat' dir='ltr'><strong>interdum</strong></span> <span class='ocrx_word' id='word_1_191' title='bbox 2599 2948 2863 3010; x_wconf 86' lang='lat' dir='ltr'><strong>occasio</strong></span> <span class='ocrx_word' id='word_1_192' title='bbox 2916 2948 3069 3011; x_wconf 84' lang='lat' dir='ltr'><strong>facit</strong></span> 
     </span>
     <span class='ocr_line' id='line_1_25' title="bbox 826 3053 3069 3137; baseline 0.002 -24"><span class='ocrx_word' id='word_1_193' title='bbox 826 3053 1055 3117; x_wconf 80' lang='lat' dir='ltr'><strong>furem.</strong></span> <span class='ocrx_word' id='word_1_194' title='bbox 1089 3053 1192 3116; x_wconf 81' lang='lat' dir='ltr'><strong>Ex</strong></span> <span class='ocrx_word' id='word_1_195' title='bbox 1219 3061 1433 3116; x_wconf 88' lang='lat' dir='ltr'><strong>castro</strong></span> <span class='ocrx_word' id='word_1_196' title='bbox 1467 3061 1688 3117; x_wconf 90' lang='lat' dir='ltr'><strong>nostro</strong></span> <span class='ocrx_word' id='word_1_197' title='bbox 1711 3055 2072 3132; x_wconf 89' lang='lat' dir='ltr'><strong>Bachiensi‚</strong></span> <span class='ocrx_word' id='word_1_198' title='bbox 2106 3055 2208 3117; x_wconf 92' lang='lat' dir='ltr'><strong>die</strong></span> <span class='ocrx_word' id='word_1_199' title='bbox 2238 3055 2564 3116; x_wconf 93' lang='lat' dir='ltr'><strong>dominico</strong></span> <span class='ocrx_word' id='word_1_200' title='bbox 2592 3061 2743 3117; x_wconf 90' lang='lat' dir='ltr'><strong>ante</strong></span> <span class='ocrx_word' id='word_1_201' title='bbox 2772 3073 3069 3137; x_wconf 91' lang='lat' dir='ltr'><strong>assump-</strong></span> 
     </span>
    </p>
   </div>
   <div class='ocr_carea' id='block_1_3' title="bbox 602 3126 2518 3250">
    <p class='ocr_par' dir='ltr' id='par_1_3' title="bbox 602 3126 2518 3250">
     <span class='ocr_line' id='line_1_26' title="bbox 602 3126 2518 3250; baseline -0.002 -24"><span class='ocrx_word' id='word_1_202' title='bbox 602 3126 802 3250; x_wconf 48' lang='lat' dir='ltr'><strong>‚Jffiffi</strong></span> <span class='ocrx_word' id='word_1_203' title='bbox 826 3159 1067 3222; x_wconf 85' lang='lat' dir='ltr'><strong>tionem</strong></span> <span class='ocrx_word' id='word_1_204' title='bbox 1113 3160 1376 3239; x_wconf 88' lang='lat' dir='ltr'><strong>virginis</strong></span> <span class='ocrx_word' id='word_1_205' title='bbox 1421 3161 1719 3240; x_wconf 89' lang='lat' dir='ltr'><strong>gloriose,</strong></span> <span class='ocrx_word' id='word_1_206' title='bbox 1767 3179 1944 3223; x_wconf 89' lang='lat' dir='ltr'><strong>anno</strong></span> <span class='ocrx_word' id='word_1_207' title='bbox 1992 3162 2230 3224; x_wconf 91' lang='lat' dir='ltr'><strong>domini</strong></span> <span class='ocrx_word' id='word_1_208' title='bbox 2292 3162 2518 3224; x_wconf 83' lang='lat'>1492..</span> 
     </span>
    </p>
   </div>
   <div class='ocr_carea' id='block_1_4' title="bbox 3165 0 3408 979">
    <p class='ocr_par' dir='ltr' id='par_1_4' title="bbox 3165 0 3408 979">
     <span class='ocr_line' id='line_1_27' title="bbox 3165 0 3408 979; baseline 0 0"><span class='ocrx_word' id='word_1_209' title='bbox 3165 0 3408 979; x_wconf 95' lang='lat' dir='ltr'><strong> </strong></span> 
     </span>
    </p>
   </div>
   <div class='ocr_carea' id='block_1_5' title="bbox 598 3182 804 3190">
    <p class='ocr_par' dir='ltr' id='par_1_5' title="bbox 598 3182 804 3190">
     <span class='ocr_line' id='line_1_28' title="bbox 598 3182 804 3190; baseline 0 0"><span class='ocrx_word' id='word_1_210' title='bbox 598 3182 804 3190; x_wconf 95' lang='lat' dir='ltr'><strong> </strong></span> 
     </span>
    </p>
   </div>
   <div class='ocr_carea' id='block_1_6' title="bbox 1039 3298 2567 3366">
    <p class='ocr_par' dir='ltr' id='par_1_6' title="bbox 1039 3298 2567 3366">
     <span class='ocr_line' id='line_1_29' title="bbox 1039 3298 2567 3366; baseline 0.003 -17"><span class='ocrx_word' id='word_1_211' title='bbox 1039 3300 1286 3364; x_wconf 83' lang='lat' dir='ltr'><strong>Kaprinai</strong></span> <span class='ocrx_word' id='word_1_212' title='bbox 1324 3298 1585 3352; x_wconf 72' lang='lat' dir='ltr'><strong>keziratai.</strong></span> <span class='ocrx_word' id='word_1_213' title='bbox 1625 3302 1907 3366; x_wconf 84' lang='lat' dir='ltr'><strong>Budapesti</strong></span> <span class='ocrx_word' id='word_1_214' title='bbox 1946 3301 2006 3351; x_wconf 80' lang='lat' dir='ltr'><strong>E.</strong></span> <span class='ocrx_word' id='word_1_215' title='bbox 2044 3302 2106 3351; x_wconf 87' lang='grc' dir='ltr'><strong>Κ.</strong></span> <span class='ocrx_word' id='word_1_216' title='bbox 2148 3302 2226 3352; x_wconf 90' lang='lat' dir='ltr'><strong>LI.</strong></span> <span class='ocrx_word' id='word_1_217' title='bbox 2268 3303 2567 3353; x_wconf 83' lang='lat'>215—217.</span> 
     </span>
    </p>
   </div>
   <div class='ocr_carea' id='block_1_7' title="bbox 1465 3518 2424 3765">
    <p class='ocr_par' dir='ltr' id='par_1_7' title="bbox 1465 3518 2424 3765">
     <span class='ocr_line' id='line_1_30' title="bbox 1837 3518 2059 3581; baseline -0.014 0"><span class='ocrx_word' id='word_1_218' title='bbox 1837 3518 2059 3581; x_wconf 91' lang='lat' dir='ltr'>CDIV.</span> 
     </span>
     <span class='ocr_line' id='line_1_31' title="bbox 1465 3671 2424 3765; baseline 0.004 -24"><span class='ocrx_word' id='word_1_219' title='bbox 1465 3675 1640 3741; x_wconf 73' lang='lat' dir='ltr'><strong>Bcics</strong></span> <span class='ocrx_word' id='word_1_220' title='bbox 1686 3676 1878 3756; x_wconf 64' lang='lat' dir='ltr'><strong>vaira,</strong></span> <span class='ocrx_word' id='word_1_221' title='bbox 1929 3671 2032 3765; x_wconf 65' lang='lat'><strong>(3)</strong></span> <span class='ocrx_word' id='word_1_222' title='bbox 2078 3678 2276 3744; x_wconf 81' lang='lat'><em>1492.</em></span> <span class='ocrx_word' id='word_1_223' title='bbox 2321 3673 2424 3765; x_wconf 67' lang='grc' dir='ltr'><strong>(ἓ)</strong></span> 
     </span>
    </p>
   </div>
   <div class='ocr_carea' id='block_1_8' title="bbox 826 3817 3074 4641">
    <p class='ocr_par' dir='ltr' id='par_1_8' title="bbox 826 3817 3070 4067">
     <span class='ocr_line' id='line_1_32' title="bbox 826 3817 3069 3888; baseline 0.002 -19"><span class='ocrx_word' id='word_1_224' title='bbox 826 3818 1010 3869; x_wconf 66' lang='grc' dir='ltr'><strong>Ψὲταάὶ</strong></span> <span class='ocrx_word' id='word_1_225' title='bbox 1050 3817 1197 3869; x_wconf 70' lang='lat' dir='ltr'><strong>Peter</strong></span> <span class='ocrx_word' id='word_1_226' title='bbox 1231 3820 1542 3869; x_wconf 69' lang='lat' dir='ltr'><strong>koszonetet</strong></span> <span class='ocrx_word' id='word_1_227' title='bbox 1579 3823 1739 3871; x_wconf 87' lang='lat' dir='ltr'><strong>mond</strong></span> <span class='ocrx_word' id='word_1_228' title='bbox 1799 3822 2029 3872; x_wconf 78' lang='lat' dir='ltr'><strong>Beriszlo</strong></span> <span class='ocrx_word' id='word_1_229' title='bbox 2078 3821 2241 3873; x_wconf 70' lang='lat' dir='ltr'><strong>Janos</strong></span> <span class='ocrx_word' id='word_1_230' title='bbox 2279 3822 2399 3873; x_wconf 72' lang='lat' dir='ltr'><strong>racz</strong></span> <span class='ocrx_word' id='word_1_231' title='bbox 2438 3821 2815 3888; x_wconf 71' lang='lat' dir='ltr'><strong>deszpotanak,</strong></span> <span class='ocrx_word' id='word_1_232' title='bbox 2854 3840 2887 3874; x_wconf 84' lang='lat' dir='ltr'><strong>a</strong></span> <span class='ocrx_word' id='word_1_233' title='bbox 2922 3821 3069 3875; x_wconf 72' lang='lat' dir='ltr'><strong>miert</strong></span> 
     </span>
     <span class='ocr_line' id='line_1_33' title="bbox 826 3906 3070 3978; baseline 0.002 -20"><span class='ocrx_word' id='word_1_234' title='bbox 826 3925 929 3973; x_wconf 76' lang='lat' dir='ltr'><strong>cgy</strong></span> <span class='ocrx_word' id='word_1_235' title='bbox 984 3908 1228 3974; x_wconf 76' lang='lat' dir='ltr'><strong>iigyeben</strong></span> <span class='ocrx_word' id='word_1_236' title='bbox 1267 3925 1327 3958; x_wconf 83' lang='lat' dir='ltr'><strong>az</strong></span> <span class='ocrx_word' id='word_1_237' title='bbox 1369 3908 1402 3958; x_wconf 84' lang='lat'><strong>6</strong></span> <span class='ocrx_word' id='word_1_238' title='bbox 1440 3906 1499 3960; x_wconf 70' lang='lat' dir='ltr'><strong>es</strong></span> <span class='ocrx_word' id='word_1_239' title='bbox 1535 3907 1846 3974; x_wconf 74' lang='lat' dir='ltr'><strong>pecsvaradi</strong></span> <span class='ocrx_word' id='word_1_240' title='bbox 1901 3910 2171 3977; x_wconf 72' lang='lat' dir='ltr'><strong>varnagya</strong></span> <span class='ocrx_word' id='word_1_241' title='bbox 2226 3910 2417 3978; x_wconf 64' lang='lat' dir='ltr'><strong>partjat</strong></span> <span class='ocrx_word' id='word_1_242' title='bbox 2471 3914 2620 3978; x_wconf 83' lang='lat' dir='ltr'><strong>fogta</strong></span> <span class='ocrx_word' id='word_1_243' title='bbox 2658 3929 2684 3964; x_wconf 87' lang='lat' dir='ltr'><strong>s</strong></span> <span class='ocrx_word' id='word_1_244' title='bbox 2722 3912 3070 3973; x_wconf 64' lang='lat' dir='ltr'><strong>testvere&#39;nek‚</strong></span> 
     </span>
     <span class='ocr_line' id='line_1_34' title="bbox 1340 3999 2543 4067; baseline 0.004 -19"><span class='ocrx_word' id='word_1_245' title='bbox 1340 3999 1592 4050; x_wconf 81' lang='lat' dir='ltr'><strong>valamint</strong></span> <span class='ocrx_word' id='word_1_246' title='bbox 1629 4002 1751 4050; x_wconf 89' lang='lat' dir='ltr'><strong>neki</strong></span> <span class='ocrx_word' id='word_1_247' title='bbox 1788 3999 1952 4050; x_wconf 69' lang='lat' dir='ltr'><strong>barati</strong></span> <span class='ocrx_word' id='word_1_248' title='bbox 1990 3999 2300 4065; x_wconf 65' lang='lat' dir='ltr'><strong>szolgitlatat</strong></span> <span class='ocrx_word' id='word_1_249' title='bbox 2336 4002 2543 4067; x_wconf 72' lang='lat' dir='ltr'><strong>ajanlja.</strong></span> 
     </span>
    </p>

    <p class='ocr_par' dir='ltr' id='par_1_9' title="bbox 826 4120 3074 4641">
     <span class='ocr_line' id='line_1_35' title="bbox 1036 4120 3070 4212; baseline 0.003 -24"><span class='ocrx_word' id='word_1_250' title='bbox 1036 4127 1265 4191; x_wconf 91' lang='lat' dir='ltr'><strong>Illustri</strong></span> <span class='ocrx_word' id='word_1_251' title='bbox 1331 4126 1596 4190; x_wconf 87' lang='lat' dir='ltr'><strong>domino</strong></span> <span class='ocrx_word' id='word_1_252' title='bbox 1660 4129 1895 4190; x_wconf 90' lang='lat' dir='ltr'><strong>Joanni</strong></span> <span class='ocrx_word' id='word_1_253' title='bbox 1962 4132 2239 4210; x_wconf 91' lang='lat' dir='ltr'><strong>despoto</strong></span> <span class='ocrx_word' id='word_1_254' title='bbox 2305 4131 2483 4212; x_wconf 87' lang='lat' dir='ltr'><strong>regni</strong></span> <span class='ocrx_word' id='word_1_255' title='bbox 2539 4120 2791 4209; x_wconf 84' lang='lat' dir='ltr'><strong>Rascie,</strong></span> <span class='ocrx_word' id='word_1_256' title='bbox 2858 4133 3070 4195; x_wconf 91' lang='lat' dir='ltr'><strong>amico</strong></span> 
     </span>
     <span class='ocr_line' id='line_1_36' title="bbox 826 4236 3073 4318; baseline 0.002 -21"><span class='ocrx_word' id='word_1_257' title='bbox 826 4243 1047 4297; x_wconf 86' lang='lat' dir='ltr'><strong>nostro</strong></span> <span class='ocrx_word' id='word_1_258' title='bbox 1114 4237 1500 4298; x_wconf 88' lang='lat' dir='ltr'><strong>honorando</strong></span> <span class='ocrx_word' id='word_1_259' title='bbox 1569 4236 1798 4299; x_wconf 86' lang='lat' dir='ltr'><strong>Petrus</strong></span> <span class='ocrx_word' id='word_1_260' title='bbox 1851 4238 2383 4318; x_wconf 87' lang='lat' dir='ltr'><strong>archiepiscopus</strong></span> <span class='ocrx_word' id='word_1_261' title='bbox 2448 4239 2869 4303; x_wconf 91' lang='lat' dir='ltr'><strong>Collocensis.</strong></span> <span class='ocrx_word' id='word_1_262' title='bbox 2933 4240 3073 4302; x_wconf 87' lang='lat' dir='ltr'><strong>Illu-</strong></span> 
     </span>
     <span class='ocr_line' id='line_1_37' title="bbox 826 4342 3074 4427; baseline 0.004 -25"><span class='ocrx_word' id='word_1_263' title='bbox 826 4342 969 4403; x_wconf 79' lang='lat' dir='ltr'><strong>5tris</strong></span> <span class='ocrx_word' id='word_1_264' title='bbox 1016 4344 1222 4405; x_wconf 88' lang='lat' dir='ltr'><strong>amice</strong></span> <span class='ocrx_word' id='word_1_265' title='bbox 1273 4351 1495 4406; x_wconf 88' lang='lat' dir='ltr'><strong>noster</strong></span> <span class='ocrx_word' id='word_1_266' title='bbox 1527 4345 1774 4406; x_wconf 85' lang='lat' dir='ltr'><strong>dilecte.</strong></span> <span class='ocrx_word' id='word_1_267' title='bbox 1824 4344 1944 4423; x_wconf 90' lang='lat' dir='ltr'><strong>Ea,</strong></span> <span class='ocrx_word' id='word_1_268' title='bbox 1993 4363 2121 4423; x_wconf 93' lang='lat' dir='ltr'><strong>que</strong></span> <span class='ocrx_word' id='word_1_269' title='bbox 2172 4346 2234 4408; x_wconf 91' lang='lat' dir='ltr'><strong>in</strong></span> <span class='ocrx_word' id='word_1_270' title='bbox 2288 4347 2445 4409; x_wconf 91' lang='lat' dir='ltr'><strong>sede</strong></span> <span class='ocrx_word' id='word_1_271' title='bbox 2478 4347 2829 4424; x_wconf 89' lang='lat' dir='ltr'><strong>iudiciaria,</strong></span> <span class='ocrx_word' id='word_1_272' title='bbox 2866 4365 3074 4427; x_wconf 88' lang='lat' dir='ltr'><strong>nuper</strong></span> 
     </span>
     <span class='ocr_line' id='line_1_38' title="bbox 826 4451 3073 4530; baseline 0.003 -19"><span class='ocrx_word' id='word_1_273' title='bbox 826 4467 939 4530; x_wconf 87' lang='lat' dir='ltr'><strong>pro</strong></span> <span class='ocrx_word' id='word_1_274' title='bbox 1007 4451 1197 4512; x_wconf 90' lang='lat' dir='ltr'><strong>nobis</strong></span> <span class='ocrx_word' id='word_1_275' title='bbox 1242 4452 1505 4528; x_wconf 81' lang='lat' dir='ltr'><strong>fecistiS,</strong></span> <span class='ocrx_word' id='word_1_276' title='bbox 1571 4453 1883 4515; x_wconf 86' lang='lat' dir='ltr'><strong>referente</strong></span> <span class='ocrx_word' id='word_1_277' title='bbox 1932 4454 2142 4526; x_wconf 81' lang='lat' dir='ltr'><strong>nobiS,</strong></span> <span class='ocrx_word' id='word_1_278' title='bbox 2199 4460 2262 4516; x_wconf 90' lang='lat' dir='ltr'><strong>et</strong></span> <span class='ocrx_word' id='word_1_279' title='bbox 2323 4456 2500 4517; x_wconf 92' lang='lat' dir='ltr'><strong>omni</strong></span> <span class='ocrx_word' id='word_1_280' title='bbox 2548 4455 2817 4518; x_wconf 90' lang='lat' dir='ltr'><strong>fideliter</strong></span> <span class='ocrx_word' id='word_1_281' title='bbox 2861 4457 3073 4519; x_wconf 89' lang='lat' dir='ltr'><strong>decla-</strong></span> 
     </span>
     <span class='ocr_line' id='line_1_39' title="bbox 826 4558 3071 4641; baseline 0.003 -21"><span class='ocrx_word' id='word_1_282' title='bbox 826 4565 1004 4620; x_wconf 82' lang='lat' dir='ltr'><strong>rante</strong></span> <span class='ocrx_word' id='word_1_283' title='bbox 1052 4558 1311 4639; x_wconf 86' lang='lat' dir='ltr'><strong>egregio</strong></span> <span class='ocrx_word' id='word_1_284' title='bbox 1345 4558 1615 4621; x_wconf 90' lang='lat' dir='ltr'><strong>Nicolao</strong></span> <span class='ocrx_word' id='word_1_285' title='bbox 1647 4559 2018 4641; x_wconf 88' lang='lat' dir='ltr'><strong>Thesseny‚</strong></span> <span class='ocrx_word' id='word_1_286' title='bbox 2067 4563 2421 4624; x_wconf 90' lang='lat' dir='ltr'><strong>castellano</strong></span> <span class='ocrx_word' id='word_1_287' title='bbox 2453 4570 2698 4640; x_wconf 87' lang='lat' dir='ltr'><strong>nostro,</strong></span> <span class='ocrx_word' id='word_1_288' title='bbox 2749 4571 2812 4626; x_wconf 90' lang='lat' dir='ltr'><strong>et</strong></span> <span class='ocrx_word' id='word_1_289' title='bbox 2849 4565 3071 4626; x_wconf 84' lang='lat' dir='ltr'><strong>defen-</strong></span> 
     </span>
    </p>
   </div>
   <div class='ocr_carea' id='block_1_9' title="bbox 3401 975 3405 4647">
    <p class='ocr_par' dir='ltr' id='par_1_10' title="bbox 3401 975 3405 4647">
     <span class='ocr_line' id='line_1_40' title="bbox 3401 975 3405 4647; baseline 0 0"><span class='ocrx_word' id='word_1_290' title='bbox 3401 975 3405 4647; x_wconf 95' lang='lat' dir='ltr'><strong> </strong></span> 
     </span>
    </p>
   </div>
  </div>
 </body>
</html>
