3475 5200
1386 386 1775 438 ——463—

665 603 1057 661 Illustrissime
1124 606 1390 675 princeps
1440 612 1493 659 et
1559 605 1952 675 potentissime
2023 606 2273 673 domine,
2344 608 2584 662 salutem
2652 619 2706 659 ut

456 729 762 785 prosperos
810 728 1142 772 successus,
1195 711 1505 782 Postquam
1574 712 1980 767 serenissimus
2040 713 2312 767 dominus
2377 713 2700 779 Ladislaus,

455 822 748 892 H'ungarie
818 826 871 876 et
938 820 1213 875 Bohemie
1279 836 1378 875 rex
1428 820 1660 875 etc.‘ad
1726 820 1838 875 boc
1904 836 2142 888 regnum
2190 821 2364 887 venit,
2414 823 2704 875 acesi-sitis

452 929 702 1000 prelatiS,
738 928 1116 999 principibus,
1154 928 1469 982 baronibus
1501 927 1660 996 regni
1708 927 1876 982 istius
1908 933 1963 982 et
1993 927 2222 997 negotio
2270 927 2401 983 fidei
2452 947 2552 999 pro
2588 943 2704 999 quo

452 1037 612 1092 missi
647 1052 852 1091 sumus
902 1036 957 1089 in
1007 1034 1429 1090 consultatione
1475 1036 1665 1105 posito
1711 1036 2044 1090 consultum
2078 1040 2164 1089 est
2195 1041 2394 1090 contra
2440 1035 2700 1091 Tarcho-5

454 1144 586 1200 fidei
635 1143 941 1198 christiane
990 1143 1186 1197 hostes
1234 1158 1337 1212 pro
1386 1142 1596 1198 Christi
1661 1143 2027 1197 vindicandis
2075 1142 2316 1209 iniuriiS,
2361 1148 2415 1197 et
2460 1151 2520 1195 ut
2568 1159 2700 1211 api}

454 1251 672 1306 stolicis
721 1250 954 1304 monitis
989 1257 1042 1304 et
1093 1249 1482 1319 imperialibus
1532 1250 1908 1304 suasionibus
1958 1249 2198 1305 satisfiat
2246 1251 2456 1304 bellum
2508 1267 2700 1319 geren*

453 1360 589 1413 dum
638 1373 788 1413 esse.
840 1357 1053 1411 Verum
1102 1357 1240 1427 quia
1275 1356 1334 1411 in
1369 1355 1567 1411 Servia
1615 1363 1669 1411 et
1715 1357 2044 1412 confinibus
2090 1356 2448 1411 Turchorum
2500 1359 2700 1427 impl-s:-

451 1466 760 1520 sentiarum
810 1480 927 1519 non
976 1479 1190 1534 parvus
1237 1470 1323 1518 est
1368 1464 1547 1534 grani,
1599 1465 1756 1520 ordei
1799 1472 1852 1519 et
1883 1464 2122 1520 aliarum
2170 1481 2358 1519 rerum
2406 1467 2696 1519 edibilium

450 1573 705 1628 defectus
752 1577 979 1642 propter
1026 1569 1163 1625 anni
1212 1571 1454 1641 preteriti
1503 1572 1851 1626 sterilitatem
1918 1578 1971 1626 et
2017 1572 2186 1626 novis
2234 1573 2369 1627 anni
2417 1575 2696 1642 presentis

449 1678 683 1734 maturis
732 1678 1011 1734 fructibus
1059 1678 1160 1732 erit
1207 1679 1580 1733 abundantia.
1651 1678 1967 1734 Videbatur
2029 1693 2148 1733 non
2216 1679 2343 1748 cogi
2413 1683 2696 1735 exercilus

449 1785 850 1855 Hungarorum
898 1802 1004 1841 nec
1051 1801 1260 1840 vocare
1309 1792 1533 1840 exteros
1595 1802 1779 1855 usque
1828 1788 1900 1839 ad
1948 1786 2239 1840 Kalendas
2286 1786 2532 1855 Augusti
2584 1791 2692 1839 hnc
2736 1819 2844 1855 aaa*
2880 1811 2912 1847 ς,

449 1895 795 1947 consultum.
847 1892 964 1947 Rex
1011 1894 1126 1947 alto
1174 1893 1369 1947 animo
1418 1899 1471 1946 et
1519 1892 1755 1947 ferventi
1821 1893 1954 1947 fidei
2020 1887 2148 1948 zelo*
2210 1895 2532 1962 amplexus³
2604 1895 2692 1947 :lie

450 2008 613 2055 sexta
658 2000 871 2070 Aprilis
939 2001 1166 2070 publice
1214 2000 1387 2055 nobis
1434 2002 1727 2070 respondit
1776 2000 1832 2054 in
1882 2016 1989 2054 sua
2044 2000 2327 2069 presentia
2373 2003 2692 2055 astantibus
2736 2023 2832 2075 ἀμ,
2860 2023 2900 2063 ις,

446 2108 692 2177 prelatiS‚
742 2107 1116 2176 principibuS‚
1168 2108 1503 2176 baronibuS,
1553 2107 1847 2162 nobilibus
1896 2107 2068 2161 huius
2116 2108 2274 2175 regni
2321 2107 2592 2163 Bobcmiu
2644 2119 2692 2159 ct

446 2215 676 2268 Austrie
724 2230 823 2284 per
869 2215 1241 2268 reverendum
1295 2221 1508 2284 patrem
1562 2214 1880 2268 dominium
1915 2213 2330 2269 Varadiensem
2363 2215 2688 2279 antistitem,
2736 2247 2840 2283 ΜΗ,
2880 2239 2916 2275 1,

446 2324 602 2391 quod
651 2322 707 2375 in
764 2320 1039 2375 Kalendis
1087 2321 1333 2390 Augusti
1390 2322 1700 2375 exercitum
1767 2322 1824 2375 in
1891 2320 2219 2375 confinibus
2285 2331 2692 2389 congregatum

445 2437 644 2488 contra
696 2428 989 2483 Thurcum
1056 2428 1287 2483 habebit
1360 2434 1414 2482 et
1477 2429 1717 2494 curabit,
1786 2431 1943 2498 quod
1992 2443 2101 2482 suo
2168 2435 2223 2481 et
2287 2429 2524 2483 aliorum
2596 2431 2688 2495 qui

447 2536 770 2591 auxiliaturi
815 2537 1070 2591 venerint
1094 2537 1437 2591 exercitibus
1459 2537 1590 2590 usui
1625 2535 1952 2592 necessaria
1977 2537 2252 2591 habeatur
2274 2537 2688 2592 habundanter*

449 2644 585 2700 Post
631 2645 742 2698 hoc
790 2646 995 2700 certior
1042 2645 1192 2700 facta
1249 2651 1334 2700 est
1399 2646 1604 2714 regalis
1671 2645 1940 2699 maiestas
1985 2644 2280 2699 Turchum
2349 2646 2456 2700 iam
2508 2652 2692 2700 castra

448 2752 699 2807 movisse
750 2768 1049 2823 properare
1083 2760 1335 2807 castrum
1382 2754 1797 2819 Andoralbam,
1848 2755 2065 2807 clavem
2104 2753 2268 2807 istius
2316 2752 2468 2820 regni
2524 2768 2692 2804 occu*

446 2874 598 2928 pare,
647 2860 979 2914 Danubium
1029 2861 1266 2915 transire
1314 2867 1367 2915 et
1415 2861 1472 2914 in
1522 2861 1632 2914 hoc
1681 2860 1962 2930 irumpere
2015 2876 2270 2929 regnum.
2324 2859 2512 2930 Quare
2548 2876 2692 2912 scre*

448 2967 728 3021 nissimus
776 2969 1048 3022 dominus
1081 2984 1179 3022 rex
1229 2984 1346 3023 non
1381 2967 1692 3038 expectatis
1741 2966 2018 3022 Kalendis
2053 2968 2344 3021 mandavit
2377 2968 2500 3032 cogi
2540 2984 2692 3020 nez-zur*

446 3074 621 3129 citum
671 3080 723 3128 et
771 3090 1067 3129 occurrere
1116 3076 1263 3130 hosti
1313 3074 1580 3140 venienti,
1633 3074 1840 3129 muniri
1889 3080 2095 3141 castra,
2146 3074 2311 3128 tutari
2362 3089 2572 3144 pas-:nus
2640 3084 2688 3128 et

444 3184 595 3235 vada
638 3181 909 3236 Danubii.
970 3182 1088 3235 lam
1132 3190 1318 3236 vestra
1365 3182 1682 3236 dominatio
1732 3181 2120 3236 illustrissima
2168 3182 2324 3236 novit
2373 3184 2684 3251 periculum

446 3303 751 3343 commune
818 3289 925 3342 scit
972 3289 1109 3358 quid
1181 3289 1474 3343 incumbat
1541 3289 1745 3347 eidem.
1796 3288 2181 3344 illustrissime
2239 3289 2504 3357 princeps
2572 3304 2688 3344 non

446 3397 633 3449 solum
715 3398 786 3449 de
876 3398 986 3449 boc
1077 3412 1285 3465 magno
1365 3411 1540 3464 regno
1621 3397 1845 3466 questio
1922 3403 2024 3450 est.
2107 3395 2220 3450 Sed
2299 3396 2368 3449 de
2456 3396 2688 3464 imperim

445 3504 718 3557 omnibus
766 3510 820 3557 et
865 3503 1177 3558 christiana
1220 3503 1510 3573 religione,
1562 3505 1631 3556 de
1679 3504 1868 3569 vobiS,
1919 3503 2111 3557 liberis
2157 3503 2362 3557 vestris
2412 3516 2460 3556 el
2512 3504 2688 3556 mum:

444 3610 576 3677 niiS,
627 3611 675 3665 si
710 3611 820 3664 hoc
854 3626 1091 3680 regnum
1141 3611 1373 3665 cesserit
1421 3618 1519 3665 aut
1553 3617 1898 3681 occupatum
1948 3611 2133 3676 fuerit,
2184 3611 2340 3680 quod
2390 3612 2532 3664 deus«
2584 3628 2688 3664 sua

445 3716 647 3785 pietate
713 3724 944 3785 avertat,
1008 3719 1077 3771 de
1126 3719 1355 3773 residuo
1423 3719 1579 3773 orbis
1628 3726 1820 3773 actum
1869 3723 1972 3772 est.
2026 3717 2171 3771 Cum
2228 3718 2324 3772 tali
2374 3728 2456 3771 est
2524 3720 2684 3772 lua-flu:

443 3831 749 3892 certamen,
785 3840 918 3879 cum
968 3841 1083 3895 quo
1129 3841 1245 3880 non
1295 3841 1422 3880 esse
1471 3832 1656 3895 potest
1702 3827 1897 3895 aliqua
1944 3827 2105 3895 pacis
2154 3824 2407 3880 conditio
2444 3828 2536 3896 qui
2576 3844 2687 3880 ser-

441 3932 674 3986 vitutem
743 3932 1187 3987 christianorum
1258 3932 1382 3987 sine
1454 3934 1834 4002 abnegatione
1894 3933 2102 3988 Christi
2173 3948 2289 3987 non
2341 3936 2540 4001 quer-il„
2592 3936 2684 3984 cui:

441 4039 638 4091 nullus
708 4047 794 4093 est
841 4041 1013 4093 ludus
1062 4039 1368 4094 iucundior
1413 4055 1587 4109 quam
1636 4042 1876 4110 sanguis
1925 4056 2164 4110 sparsus
2222 4040 2680 4094 christiamssirum.

441 4142 550 4199 Res
597 4146 707 4200 ista
753 4162 957 4216 aspera
1003 4154 1089 4201 est
1137 4152 1189 4201 et
1222 4149 1382 4202 multi
1413 4163 1536 4202 eam
1583 4163 1700 4202 non
1733 4149 1932 4202 timent
1965 4155 2016 4202 et
2049 4148 2142 4201 alii
2191 4149 2336 4201 alios
2385 4156 2684 4216 expectant

442 4254 777 4309 arbitrantes
862 4254 1216 4309 satisfactum
1304 4257 1411 4310 deo
1498 4256 1868 4324 restitumque
1953 4255 2118 4311 hosti.
2199 4253 2260 4309 Si
2336 4260 2680 4324 respnndflnt

366 4399 379 4409 -
441 4379 502 4416 se
568 4361 821 4416 facturos
900 4367 1177 4430 quantum
1253 4362 1345 4416 alii
1422 4362 1669 4432 potentie
1744 4361 1904 4431 pacis
1979 4360 2382 4430 dignitatisque
2448 4360 2676 4412 securint

440 4485 572 4523 cum
623 4474 814 4538 putate
863 4470 1070 4524 debent
1117 4470 1209 4523 tali
1257 4484 1541 4539 responso
1590 4484 1851 4538 gressum
1901 4468 2050 4523 hosti
2099 4483 2216 4522 non
2253 4468 2528 4537 impediri,
2568 4468 2680 4520 ium

440 4577 783 4646 properandi
835 4577 1016 4631 maior
1062 4577 1295 4632 occasio
1340 4580 1524 4645 datur,
1563 4592 1666 4630 nec
1715 4578 1825 4631 deo
1874 4582 1958 4630 est
2005 4576 2362 4630 satisfactum
2399 4576 2496 4644 qui
2536 4576 2680 4628 {licta
