3475 5200
1757 362 2150 416 -818—

966 583 1421 661 Deputationis
1454 583 1856 645 sallariorum
1881 583 2057 645 vide·

826 693 974 753 lieet
1034 730 2055 754 ..........
2151 688 2327 752 2900
2372 690 2507 751 flor.

918 801 1164 861 iteruin
1190 798 1504 860 comitatu
1526 796 1950 878 Soproniensi
1976 796 2056 859 de

830 909 1018 985 priori
1066 903 1365 967 subsidio
1408 905 1704 967 videlicet
1752 904 1922 966 circa
1967 904 2057 967 fe·

626 1009 726 1053 ¹⁵0³
830 1021 1006 1077 stum
1026 1014 1194 1077 beati
1219 1012 1557 1074 Laurencii
1581 1012 1857 1074 martiris
1881 1029 2058 1075 anno

561 1081 778 1177 *Izffn'rssifi'
830 1121 894 1181 in
930 1121 1284 1201 prescripto
1316 1119 1689 1199 preteritum
1721 1119 1946 1181 habuit
1978 1118 2061 1181 de

830 1229 1022 1289 bonis
1070 1227 1207 1290 suis
1256 1269 2054 1290 ........
2148 1225 2202 1287 l·p
2229 1225 2509 1289 LXXIIII
2537 1226 2676 1289 flor.
2701 1226 2769 1289 d.
2792 1225 2971 1288 XXV

966 1345 1122 1405 Item
1156 1342 1391 1405 eodem
1424 1351 1714 1422 tempore
1748 1343 1830 1404 de
1863 1342 2059 1404 comi-

830 1461 970 1513 tatu
1006 1450 1399 1513 Castriserrei
1438 1449 1724 1513 similiter
1755 1449 1836 1511 de
1864 1449 2055 1514 bonis

826 1557 970 1621 Suis
1018 1559 1244 1621 habuit
1256 1601 2055 1621 ........
2148 1556 2339 1619 LXIII
2386 1556 2447 1619 ss.

966 1673 1126 1737 Item
1145 1674 1208 1735 in
1229 1691 1431 1754 regno
1450 1671 1760 1736 Slavonie
1770 1672 2060 1753 deputati
2470 1671 2474 1675 ’

830 1781 1094 1845 fuerunt
1144 1822 2055 1844 .........
2145 1779 2285 1843 VII⁰
2332 1781 2468 1843 flor.

966 1889 1126 1949 Item
1167 1890 1235 1950 in
1282 1889 1596 1951 comitatu
1642 1888 1940 1950 Albensi.
2038 1929 2052 1945 .
2147 1886 2201 1948 1ο
2248 1888 2310 1949 ss.

970 1997 1122 2057 Item
1163 1996 1227 2057 in
1264 1995 1546 2075 presenti
1582 2002 1737 2057 taxa
1774 1996 1839 2058 in
1876 1995 2061 2057 Zala-

826 2105 1034 2165 diensi
1140 2147 2055 2167 .........
2150 2103 2242 2167 Ιέο
2289 2103 2352 2165 ss.
2387 2101 2444 2180 *)

970 2209 1122 2273 Item
1173 2211 1237 2272 in
1286 2209 1654 2291 simigiensi
1709 2257 1721 2271 .
1818 2258 1834 2273 .
1930 2258 1946 2274 .
2041 2255 2057 2273 .
2156 2210 2207 2273 L
2252 2211 2316 2272 ss.

966 2321 1122 2381 Item
1171 2319 1235 2380 in
1284 2317 1706 2399 Soproniensi
1819 2367 1832 2381 .
1931 2366 1946 2381 .
2047 2366 2062 2382 .
2156 2315 2275 2381 Πεῑο
2323 2318 2382 2381 ss.
2409 2317 2503 2396 m)

970 2429 1122 2489 item
1174 2427 1236 2488 in
1285 2424 1719 2489 Castriferrei.
1818 2472 1831 2486 .
1928 2472 1943 2489 .
2041 2472 2057 2490 .
2151 2426 2254 2488 ΠΙο
2301 2426 2363 2487 ss.

966 2533 1122 2593 Item
1170 2534 1237 2595 in
1282 2533 1666 2596 Posoniensi
1704 2580 1719 2596 .
1819 2580 1834 2598 .
1931 2580 1945 2595 .
2043 2577 2058 2593 .
2152 2532 2241 2594 Vc
2280 2534 2345 2596 ss.

970 2641 1126 2701 Item
1172 2643 1237 2703 in
1284 2641 1609 2704 Nittriensi
1704 2686 1718 2702 .
1817 2688 1830 2702 .
1929 2689 1944 2705 .
2040 2686 2054 2700 .
2149 2642 2238 2702 V0
2284 2642 2345 2703 ss.

1050 2785 1205 2846 Item
1237 2784 1453 2847 adhuc
1485 2785 1570 2847 ad
1600 2785 2026 2866 prescriptum
2060 2786 2432 2866 preteritum
2476 2803 2725 2849 annum
2758 2785 3077 2847 debitores

834 2900 1284 2955 remanserunt
1332 2894 1394 2955 in
1442 2893 1900 2955 sollutionibus
1946 2892 2351 2956 sallat-iorum
2384 2892 2500 2956 VIc
2525 2892 2690 2954 XIIII
2718 2893 2783 2954 ss.
2814 2892 2874 2955 d.
2902 2890 3079 2953 XXV

630 3070 730 3114 lffl
834 3018 1046 3082 usque
1126 3001 1361 3064 festum
1426 3000 1748 3062 Valentini
1820 3001 2113 3079 proxime
2186 3000 2558 3081 preteritum
2633 3007 2910 3079 excepta
2980 3000 3079 3061 illa

549 3130 810 3186 {first—4,
834 3110 1257 3190 pecuniarum
1298 3126 1580 3186 summa,
1630 3125 1759 3187 que
1791 3109 1873 3170 de
1919 3108 2200 3189 presenti
2249 3108 2542 3171 subsidio
2588 3107 2652 3169 in
2697 3106 3077 3182 Zaladiensi,

834 3214 1218 3295 Simigiensi,
1269 3215 1666 3279 Castriferrei
1713 3223 1779 3278 et
1824 3215 2247 3297 Soproniensi
2302 3216 2718 3279 comitatibus
2773 3215 3079 3295 deputata

834 3334 990 3386 sunt
1038 3323 1318 3386 reddere.

1050 3450 1211 3512 Item
1244 3447 1327 3510 ad
1359 3456 1728 3529 presentem
1762 3467 2012 3511 annum
2055 3449 2239 3511 1504.
2274 3450 2357 3511 ab
2387 3448 2623 3511 eodem
2654 3447 2824 3510 festo
2848 3447 3078 3511 Valen-

834 3558 946 3618 tini
998 3574 1205 3634 usque
1269 3558 1561 3637 proxime
1610 3564 1960 3619 venturum
2025 3556 2169 3618 festi
2237 3556 2530 3618 eiusdem
2595 3556 2771 3617 totali
2828 3556 3078 3618 sallario

838 3666 1126 3726 videficet
1190 3664 1287 3724 IIm
1333 3663 1526 3725 V1n10
1574 3663 1631 3725 ss.
1681 3671 1983 3726 tenentur
2046 3681 2172 3742 que
2239 3680 2501 3725 summa
2554 3663 2620 3724 in
2666 3662 3078 3745 infrascriptis

830 3772 1247 3834 comitatibus
1294 3771 1641 3834 simulcum
1690 3771 1922 3833 debitis
1967 3770 2233 3851 predicti
2281 3770 2434 3831 anni
2484 3777 2584 3832 est
2615 3769 2925 3850 deputata
2967 3787 3080 3850 per

826 3882 1151 3942 dicator-es
1198 3878 1615 3941 restituenda.

545 3642 814 3686 rffl-ttffi

557 3718 678 3758 febr.
714 3718 774 3758 Η..

966 4026 1122 4086 Item
1170 4023 1379 4103 primo
1427 4023 1490 4084 in
1538 4040 1740 4102 regno
1787 4020 2092 4084 Slavonie
2140 4066 2603 4088 .....
2696 4020 2764 4084 Μ
2812 4021 2947 4084 flor.

966 4134 1122 4194 item
1169 4132 1233 4192 in
1281 4131 1593 4193 comitatu
1643 4130 1909 4192 Albensi
2022 4174 2036 4188 .
2133 4179 2147 4192 .
2245 4173 2261 4189 .
2359 4178 2376 4193 .
2472 4179 2487 4193 .
2587 4173 2598 4186 .
2694 4128 2784 4199 13⁰
2823 4130 2882 4192 ss.
2902 4120 2961 4210 *)

966 4238 1122 4298 Item
1171 4239 1235 4300 in
1283 4238 1595 4300 comitatu
1641 4237 2006 4300 Zaladiensi
2021 4281 2597 4302 ......
2691 4236 2821 4299 IIIIc
2867 4237 2928 4298 ss.

970 4346 1126 4406 Item
1173 4346 1236 4407 in
1284 4347 1595 4408 comitatu
1644 4342 2011 4424 Simigiensi
2023 4389 2597 4409 ......
2690 4343 2822 4406 IIIIc
2866 4343 2926 4405 ss.

1046 4574 1102 4634 *J
1145 4573 1245 4621 150
1283 4574 1333 4624 n.
2123 4573 2212 4639 **)
2253 4576 2357 4625 250
2394 4577 2444 4626 fi.
