3475 5200
645 680 689 742 11
756 697 823 741 re
887 688 1110 742 autem
1158 681 1239 742 de
1287 680 1624 761 Hungaria
1680 680 1715 742 ὲ
1772 699 1969 763 sopra
2014 683 2056 744 il
2102 682 2409 747 Danubio
2455 702 2689 764 presso

432 785 751 868 Belgrado
799 806 950 851 cum
1000 789 1454 869 potentissimo
1502 790 1787 852 exercito
1816 789 1898 852 de
1929 807 2211 872 persone
2243 791 2691 854 ottantamillia

432 896 635 957 electe
693 895 815 957 che
862 896 1099 957 valeno
1159 914 1274 976 per
1318 895 1430 975 piu
1477 896 1560 959 de
1625 896 1737 960 CC
1784 898 1979 960 millia
2032 897 2297 975 Turoni,
2363 897 2600 977 perche
2646 900 2691 961 li

431 1003 675 1065 Turchi
722 1019 936 1064 sonno
984 1004 1311 1082 gentaglia
1356 1010 1420 1065 et
1466 1003 1690 1066 hanno
1722 1005 1971 1084 grande
2024 1006 2255 1068 timore
2302 1005 2384 1068 de
2415 1006 2454 1067 li
2506 1005 2688 1068 Hun-

434 1111 586 1191 gari.
635 1109 717 1172 El
747 1127 822 1173 se
852 1111 1094 1173 extima
1137 1110 1259 1172 che
1308 1109 1426 1172 s’el
1455 1109 1724 1172 Turcho
1773 1108 2030 1190 seguira
2075 1111 2401 1191 l'impresa
2446 1111 2697 1175 havera

433 1218 474 1279 il
520 1218 732 1298 pegio,
786 1217 1024 1297 perche
1072 1217 1434 1296 l'Hungaro
1483 1216 1518 1279 e
1566 1219 1734 1280 bene
1800 1219 1864 1280 in
1922 1218 2147 1280 ordine
2212 1227 2277 1281 et
2330 1219 2586 1282 viriliter
2648 1220 2689 1281 li

435 1325 759 1402 resistem,
808 1332 869 1387 et
918 1324 1237 1404 Belgrado
1286 1325 1321 1386 ὲ
1369 1325 1806 1388 munitissimo
1853 1335 1918 1387 et
1963 1327 2005 1388 il
2050 1326 2141 1389 Re
2186 1327 2271 1407 gli
2333 1326 2421 1389 ha
2487 1328 2697 1389 misso

435 1432 665 1494 drento
713 1431 1092 1513 septemillia
1137 1450 1415 1512 persone
1463 1433 1550 1494 da
1596 1434 1694 1495 iar
1739 1434 1913 1511 facti,
1969 1439 2034 1496 et
2080 1434 2169 1497 ha
2212 1435 2391 1497 facto
2437 1435 2697 1496 buttare

437 1541 522 1602 ad
570 1547 758 1614 terra,
792 1546 955 1601 tutte
999 1540 1058 1601 le
1089 1557 1242 1602 case
1271 1539 1331 1601 d'
1367 1540 1645 1619 encirco‚
1686 1548 1752 1603 et
1797 1540 1888 1604 ha
1913 1541 2087 1604 facto
2120 1541 2258 1604 fare
2295 1541 2693 1604 habitatione

437 1653 612 1709 sotto
652 1653 840 1723 terra,
874 1645 1064 1708 adcio
1092 1646 1214 1709 che
1246 1647 1305 1708 le
1337 1647 1697 1709 bombarde
1731 1664 1866 1709 non
1896 1647 1936 1710 li
1969 1665 2246 1711 noceno.
2293 1646 2378 1710 Et
2410 1648 2699 1710 contime

432 1754 476 1816 li
519 1754 812 1834 Hungari
859 1770 1168 1817 scorreno
1215 1772 1296 1817 su
1343 1757 1495 1833 quel
1541 1754 1644 1816 del
1690 1755 1980 1819 Turcho.
2038 1754 2127 1818 Se
2194 1753 2438 1818 extima
2484 1754 2606 1818 che
2654 1755 2693 1816 il

435 1861 706 1925 Turcho
749 1879 881 1924 non
915 1861 1174 1941 seguira
1211 1862 1557 1942 l’impresa,
1608 1861 1846 1941 perche
1893 1864 1977 1943 gli
2026 1863 2177 1925 sara
2223 1864 2350 1925 ben
2388 1865 2690 1942 rispostO.

439 1967 530 2032 Se
594 1970 756 2031 altro
821 1967 1082 2048 seguira
1137 1965 1439 2029 advisaro
1510 1976 1735 2030 vostra
1802 1970 2084 2048 signoria
2149 1972 2273 2032 alla
2348 1972 2541 2050 quale
2606 1969 2692 2031 mi

438 2075 926 2139 recommando.
973 2074 1078 2138 Ex
1125 2075 1459 2154 Rhagusio
1508 2075 1612 2137 die
1671 2076 1769 2138 12.
1817 2077 1987 2139 Junii
2047 2076 2231 2139 1492.
2283 2055 2557 2158 Rapt'im.
2726 2061 2925 2189 1ἐῇξὲ

657 2183 1086 2246 Illustrissime
1134 2183 1601 2245 dominationis
1647 2193 1865 2245 vestre
1913 2202 2147 2247 servus

1710 2328 2041 2389 Antonius
2089 2327 2416 2390 Victorius

1663 2434 2099 2497 Bononiensis
2144 2435 2461 2516 physicus

1475 2542 1822 2623 magnifice
1885 2542 2300 2606 comunitatis
2363 2542 2691 2623 Rhagusii.

657 2682 863 2747 Kivic'l
876 2705 895 2747 .·
917 2685 1353 2748 Illustrissimo
1374 2686 1642 2749 domino
1664 2686 1932 2749 domino
1951 2687 1986 2748 J
1990 2687 2234 2749 ohanni
2255 2687 2592 2750 Bentivolo
2613 2687 2693 2750 de

445 2791 775 2873 Aragonia
803 2793 1167 2856 vicecomiti
1198 2793 1433 2871 ducali,
1464 2811 1797 2856 armorum
1829 2795 2245 2873 gubernatori
2263 2794 2547 2875 generali
2571 2801 2692 2856 etc.

659 2932 874 2985 Milan&
910 2919 972 2987 Ᾱ.
1012 2935 1070 2987 L.
1109 2936 1163 2986 P.
1204 2936 1260 2986 E.
1301 2932 1571 3000 R(agusa).

1467 3168 1678 3233 CDIII.

1063 3343 1235 3409 Bcics
1281 3344 1474 3424 υάνα,
1522 3345 1720 3410 1492.
1769 3360 1926 3429 aug.
1975 3345 2084 3410 12.

446 3485 635 3539 Vdradi
689 3485 839 3539 Peter
891 3488 1125 3539 kalocsai
1181 3485 1331 3538 ersek
1388 3503 1491 3553 egy
1543 3489 1699 3539 toi-ok
1755 3489 2020 3538 menekiilt
2055 3504 2083 3539 s
2121 3503 2223 3554 egy
2262 3489 2446 3539 Barich
2481 3488 2699 3541 viix-aboi

446 3574 677 3627 erkezett
713 3576 950 3642 szolgaja
1004 3573 1273 3628 ertesitese
1328 3576 1560 3642 nyomAn
1599 3577 1856 3644 tudositja
1891 3577 1952 3629 11.
1991 3576 2208 3629 Ulaszlo
2246 3577 2439 3644 kirdlyt
2475 3595 2506 3629 a
2541 3581 2698 3631 ῐὸῐὸΙι

446 3665 858 3732 mozgalmakrol
875 3664 935 3717 es
953 3665 1213 3730 siirgdsen
1239 3665 1433 3730 ajanlja
1457 3667 1576 3717 neki
1603 3665 2046 3733 Nandorfejerviir
2071 3665 2301 3718 varanak
2326 3665 2698 3720 felszereleset.

664 3793 1095 3858 Serenissimo
1150 3794 1417 3885 principi
1467 3794 1734 3858 domino
1782 3796 2113 3858 Vladislao
2162 3796 2262 3859 dei
2316 3796 2521 3876 gratia
2565 3796 2697 3876 regi

449 3902 801 3983 Hungarie,
849 3901 1162 3964 Bohemie
1210 3908 1331 3965 ete.
1382 3902 1650 3965 domino
1700 3911 1926 3966 nostro
1976 3903 2471 3984 gratiosissimO,
2530 3903 2699 3964 eius-

452 4009 603 4072 dem
666 4009 1026 4073 maiestatis
1081 4015 1297 4071 vestre
1372 4008 1580 4072 fidelis
1647 4012 2027 4091 capellanus
2096 4011 2325 4073 Petrus
2389 4009 2700 4090 archiepi-

333 4174 350 4187 .
451 4134 699 4199 scopus
746 4117 1169 4181 Collocensis.
1211 4115 1636 4179 Serenissime
1677 4118 1978 4197 princeps
2009 4118 2272 4180 domine
2311 4123 2532 4178 noster
2558 4133 2700 4195 gra-

450 4224 821 4288 tiosissime.
886 4224 1042 4287 Post
1110 4242 1256 4287 mee
1304 4223 1629 4286 fidelitatis
1694 4232 1759 4286 et
1815 4225 2282 4304 obsequiorum
2333 4224 2699 4286 debitorum

452 4331 1112 4394 commendationem.
1177 4330 1450 4394 Ducitur
1494 4349 1673 4394 nunc
1719 4331 1805 4394 ad
1852 4339 2280 4412 conspectum
2344 4331 2701 4393 maiestatis

453 4449 665 4503 vestre
713 4457 828 4519 per
873 4440 1208 4502 hominem
1259 4439 1411 4500 bani
1458 4438 1730 4502 Nandor
1780 4439 2104 4516 Albensi3‚
2143 4438 2404 4501 Turcus
2436 4439 2700 4518 quidam

452 4547 817 4627 transfuga,
885 4565 1082 4628 quem
1159 4547 1340 4609 aiunt
1415 4547 1619 4610 fuisse
1695 4548 2134 4625 secretarium,
2210 4547 2348 4608 sive
2423 4546 2701 4608 scribam

455 4658 656 4719 basse
693 4657 776 4718 de
810 4652 1210 4732 Smederew,
1268 4654 1322 4716 is
1370 4654 1654 4716 affirmat
1703 4672 1996 4717 cesarem
2046 4653 2414 4716 Turcorum
2459 4670 2704 4733 expug-

562 4791 918 4846 Mamas-surb
944 4790 1347 4835 osszekottetesek
1373 4788 1672 4834 okleveltfirt.
2422 4773 2488 4826 19
