3475 5200
1710 399 2063 453 ..96-

765 615 979 678 facere
1027 618 1455 696 dignaremur.
1515 619 1655 680 Nos
1711 619 1884 682 enim
1940 620 2311 682 humillimis
2359 629 2421 681 et
2468 619 2722 682 devotis
2769 624 3011 702 suppli-

765 723 1133 787 cationibus
1166 713 1596 804 predictorum
1629 726 1858 788 iudicis
1891 733 1955 788 et
1980 727 2164 789 iurati
2198 729 2476 807 benigne
2508 728 2789 789 inclinati
2822 729 3011 791 vobis

765 837 831 891 et
881 832 1007 893 -toti
1072 832 1465 895 universitati
1523 833 1975 896 concessimus
2022 842 2085 894 et
2132 833 2553 922 concedimus
2613 836 3009 914 presentium

765 955 879 1018 per
924 939 1234 1018 vigorem,
1282 948 1354 1002 ut
1401 941 1754 1020 premissas
1811 942 2113 1002 collectas
2169 942 2489 1003 annuales
2536 949 2755 1003 nostre
2804 944 3011 1005 excel-

761 1046 954 1108 lentie
1001 1064 1037 1108 e
1071 1047 1282 1109 medio
1331 1049 1525 1109 vestri
1557 1047 1892 1126 pervenire
1934 1049 2271 1124 debentes»,
2319 1048 2648 1110 suomodo
2696 1050 3007 1127 quemad-

766 1153 1038 1216 modum
1093 1154 1158 1214 in
1215 1155 1407 1216 literis
1463 1156 1787 1234 regalibus
1845 1156 2342 1236 privilegialibus
2416 1156 2780 1218 continetur
2857 1175 3010 1219 cum

765 1261 1029 1323 florenis
1093 1263 1308 1334 aureis
1375 1259 1481 1339 (ad
1547 1264 1835 1325 valorem
1860 1261 1906 1339 ?)
1975 1263 2334 1326 eorundem
2390 1271 2548 1325 tunc
2604 1265 3011 1326 currentibus

766 1367 935 1429 fideli
982 1375 1206 1431 nostro
1252 1370 1510 1449 egregio
1577 1369 1877 1432 Ladislao
1946 1369 2074 1432 filio
2123 1369 2455 1432 Michaelis
2503 1370 2583 1431 de
2630 1370 2841 1432 Gezth
2907 1390 3010 1433 ca-

765 1475 1037 1536 stellano
1070 1481 1293 1537 nostro
1324 1476 1390 1537 in
1418 1475 1629 1556 Talya
1657 1484 1720 1537 et
1754 1477 1968 1538 comiti
2001 1483 2219 1539 vestro
2256 1477 2659 1556 temporibus
2706 1478 3010 1558 congruis

765 1580 847 1642 de
879 1583 1094 1643 medio
1125 1573 1317 1644 vestri
1351 1584 1688 1644 extradare
1721 1591 1783 1645 et
1817 1586 2182 1663 persolvere
2231 1585 2522 1646 debeatis
2554 1593 2617 1647 et
2649 1586 3010 1648 teneamini.

763 1688 1110 1751 Voluimus
1143 1691 1336 1751 etiam
1369 1696 1431 1750 et
1463 1691 1811 1753 statuimus
1842 1697 1911 1751 ut
1946 1691 2285 1753 universas
2322 1697 2388 1752 et
2418 1692 2738 1770 quaslibet
2774 1709 3008 1755 causas

766 1796 928 1857 inter
964 1813 1085 1858 vos
1118 1803 1333 1860 motas
1363 1805 1425 1858 et
1457 1802 1780 1859 vertentes
1829 1797 2178 1864 deliberare
2208 1805 2272 1860 et
2304 1799 2434 1860 fine
2467 1798 2683 1859 debito
2715 1798 3008 1861 decidere

765 1905 1054 1980 valeati5‚
1088 1913 1150 1965 et
1183 1905 1233 1964 si
1270 1905 1593 1984 quispiam
1625 1905 1706 1966 de
1739 1911 1958 1965 vestro
2007 1911 2383 1966 contentare
2433 1906 2707 1967 noluerit
2756 1906 3006 1983 iudici0‚

765 2011 1042 2072 eandem
1076 2028 1345 2072 causam
1382 2029 1515 2072 non
1548 2011 1985 2073 deliberationi
2021 2012 2249 2073 iudicis
2276 2019 2338 2073 et
2370 2013 2726 2074 iuratorum
2775 2013 3005 2074 clvium

765 2117 1189 2194 Budensium‚
1239 2118 1355 2179 sed
1422 2119 1483 2178 in
1552 2119 1943 2197 presentiam
2009 2119 2296 2199 magistri
2364 2120 2838 2181 tavernicorum
2899 2137 3008 2182 no-

765 2232 1067 2302 strorum,
1106 2226 1470 2304 exindeque
1500 2243 1651 2286 curn
1686 2226 1863 2287 omni
1895 2225 2263 2288 adiudicata
2296 2243 2419 2288 sua
2466 2226 2629 2288 serie
2679 2227 2741 2288 in
2791 2237 3011 2288 nostre

764 2333 1135 2394 excellentie
1201 2332 1592 2412 presentiam
1664 2331 1803 2392 sine
1888 2333 2063 2394 omni
2133 2335 2510 2411 gravamine
2582 2335 3011 2395 transmittere

765 2439 1074 2500 debeatis.
1144 2437 1354 2501 Secus
1420 2440 1482 2500 in
1549 2439 1882 2518 premissis
1949 2440 2328 2502 nullomodo
2385 2441 2627 2517 ausuri,
2676 2446 3011 2519 presentes

766 2564 1029 2626 quoque
1051 2547 1343 2626 perlectis
1371 2563 1628 2625 semper
1670 2547 1975 2608 restitutis
1997 2547 2343 2610 exhibenti.
2381 2547 2621 2610 Datum
2656 2548 2717 2609 in
2751 2546 3010 2610 Zreber-

766 2655 946 2715 nicze
977 2654 1077 2715 die
1111 2654 1436 2715 dominico
1477 2655 1775 2732 proximo
1808 2661 1957 2715 ante
1991 2654 2231 2716 festum
2270 2656 2455 2717 beate
2499 2655 2699 2716 Marie
2745 2655 3011 2734 Magda-

555 2761 907 2888 j{¹⁴1¹3-0391ene
954 2779 1130 2824 anno
1177 2761 1417 2823 domini
1466 2762 1806 2824 millesimo
1854 2761 2157 2824 CCCC¹¹¹⁰
2203 2763 2526 2825 tricesimo
2571 2763 2777 2825 terti0.

983 2901 1203 2963 Eredeti,
1225 2903 1390 2966 papir,
1411 2902 1549 2967 aljan
1570 2899 1919 2967 papirfiilzett'i
1939 2901 2205 2966 pecsettel.
2228 2903 2530 2953 Debreczen
2569 2901 2726 2953 varos
2764 2900 3011 2967 maganlt.

767 2990 1062 3056 Diplomak,
1101 2996 1147 3041 8.
1190 3006 1266 3043 32.

1757 3155 2006 3216 CLXX.

1471 3317 1686 3389 Basel,
1735 3315 1931 3379 1433.
1986 3335 2127 3377 nov.
2177 3314 2287 3379 21.

766 3453 1050 3516 Zsigmond
1092 3448 1257 3516 kiraly
1297 3450 1469 3501 Bartsa
1508 3448 1665 3500 varos
1704 3447 2015 3515 panaszaro„
2071 3451 2217 3513 hogy
2254 3449 2575 3498 Brankovics
2615 3448 2835 3513 Gyiirgy
2889 3446 3007 3498 racz

763 3545 1020 3608 deszpota
1068 3558 1097 3590 a
1135 3539 1329 3604 varost‚
1371 3540 1727 3589 szabadalmai
1778 3536 2017 3601 ellenere,
2058 3534 2295 3587 fizetesre
2335 3538 2578 3599 kotelezi,
2616 3553 2649 3586 a
2684 3535 2863 3588 varosi
2900 3538 3007 3602 pol-

1238 3628 1400 3695 garok
1438 3630 1606 3679 ebbeli
1645 3625 1999 3691 mentesseget
2038 3624 2183 3690 ujbol
2222 3622 2537 3690 meger6siti.

982 3746 1155 3813 Fejer:
1211 3748 1270 3798 C.
1313 3747 1371 3796 D.
1413 3742 1534 3803 ΧΠ.
1576 3746 1877 3796 457-460.
1921 3770 1987 3779 —-
2031 3743 2087 3792 V.
2129 3746 2178 3794 ὃ.
2220 3743 2506 3806 Zsigmond
2548 3743 2817 3808 kiralynak
2860 3745 3008 3792 1433.

760 3843 868 3904 jan.
917 3842 994 3889 13.
1037 3840 1139 3888 kelt
1175 3835 1537 3902 parancsaval,
1581 3851 1629 3884 u.
1671 3850 1719 3884 0.
1764 3830 1884 3889 ΧΠ.
1925 3833 2226 3882 450—451.

1743 4033 2022 4097 CLXXI.

1595 4194 1787 4260 1435.
1824 4195 2006 4275 febr.
2057 4192 2166 4257 16.

767 4343 978 4407 Raguza
1017 4340 1207 4392 varosa
1262 4356 1375 4390 arra
1430 4357 1457 4390 a
1515 4336 1667 4391 hirre.
1711 4339 1857 4401 hogy
1895 4337 1952 4386 ΙΙ.
1994 4336 2193 4386 Tvrtko
2232 4334 2429 4400 Istvan,
2468 4333 2713 4401 bosnyak
2750 4320 2916 4398 ffiraly
2949 4331 3003 4382 es

766 4434 1085 4483 Brankovies
1126 4433 1342 4496 Gyiirgy
1382 4432 1638 4494 deszpota
1680 4428 1965 4493 Zsigmond
1992 4442 2208 4492 magyar
2245 4426 2514 4492 kiralyhoz
2561 4422 2864 4486 kesziilnek,
2902 4422 3002 4474 keri

892 4539 923 4572 a
959 4520 1161 4585 kiralyt,
1201 4523 1345 4585 hogy
1383 4517 1572 4585 ajeinlja
1612 4518 2025 4569 nevezetteknek
2064 4514 2374 4581 figyelmebe
2414 4516 2627 4580 Raguza
2664 4512 2891 4566 varosat.

983 4632 1043 4681 D.
1085 4630 1140 4679 R.
1181 4630 1299 4679 237.
