3475 5200
1419 315 1808 368 ..ξῃ3.-

484 540 801 605 nonnulla
847 544 1118 601 tractata
1166 535 1758 615 conclusionesque
1799 537 1884 597 ad
1934 535 2106 596 hanc
2139 533 2526 596 devenimus
2553 534 2737 594 unio-

487 660 660 721 nem,
711 646 889 725 quod
941 646 996 707 si
1029 663 1199 724 quos
1241 661 1451 724 equos
1498 660 1661 705 suos
1708 643 2116 721 iobagyones
2163 641 2335 720 regie
2382 641 2737 712 maiestatis

487 751 551 812 in
615 759 986 834 temporum
1052 770 1369 833 processu
1434 751 1498 813 in
1563 751 1756 813 bonis
1802 750 2040 812 nostris
2104 749 2390 813 invenire
2445 757 2737 830 possent¹

485 848 828 924 teneamur
889 859 1193 923 homines
1260 865 1520 922 nostros
1575 875 1727 920 cum
1794 857 2276 937 iobagyonibus
2321 857 2496 935 regie
2521 857 2733 926 ,maie-

485 966 671 1028 statis
704 967 1036 1046 deputare,
1062 974 1128 1029 et
1159 984 1368 1046 equos
1399 967 1701 1028 inventos
1733 964 2085 1028 restituere.
2114 964 2205 1028 Ut
2237 969 2457 1026 autem
2496 963 2737 1026 damna

487 1073 629 1152 ipsa
660 1080 725 1136 et
755 1092 970 1136 rerum
1012 1091 1555 1153 quarumcunque
1587 1073 1949 1135 ablationes
1981 1072 2399 1151 exquirentur
2441 1077 2737 1134 tenemur

485 1180 642 1260 ipsis
675 1226 895 1244 .....
932 1182 1109 1259 dare,
1144 1188 1209 1244 et
1245 1182 1326 1244 de
1360 1225 1372 1240 .
1413 1230 1426 1243 .
1466 1230 1479 1243 .
1518 1230 1531 1244 .
1564 1181 1648 1243 he
1678 1198 1880 1243 cause
1908 1185 1971 1243 et
2004 1180 2247 1243 similes
2268 1178 2509 1247 horum
2558 1180 2737 1247 ,dam-

488 1305 722 1349 norum
753 1295 818 1349 et
851 1306 1065 1350 rerum
1095 1289 1458 1352 ablatarum
1504 1288 1933 1369 aquisitiones
1965 1305 2359 1369 quecunque
2392 1287 2733 1367 hucusque

486 1383 960 1475 quoquomodo
1004 1396 1172 1458 facte
1204 1395 1504 1474 fuissent,
1553 1403 1692 1459 tum
1722 1414 1837 1476 per
1870 1413 1992 1459 nos
2023 1403 2088 1459 et
2119 1414 2235 1477 per
2265 1402 2548 1473 nostros,
2595 1401 2733 1457 tum

487 1520 603 1583 per
633 1503 850 1583 ipsum
883 1503 1212 1588 Andream
1246 1503 1436 1582 Both,
1486 1503 1800 1583 deposite‚
1850 1503 2074 1565 sedate
2107 1510 2171 1565 et
2199 1503 2430 1583 sopite,
2473 1501 2737 1565 nullius*

487 1628 615 1689 que
651 1610 890 1689 vigoris
937 1611 1238 1687 existant,
1287 1618 1351 1673 et
1399 1611 1548 1687 sint,
1597 1612 1679 1672 de
1726 1612 1965 1690 quibus
2003 1611 2312 1674 omnibus
2359 1617 2423 1672 et
2469 1609 2741 1689 singulis

486 1719 707 1799 ipsum
754 1718 1095 1780 dominum
1144 1717 1472 1780 Andream
1525 1718 1692 1781 Both
1743 1719 1824 1781 de
1873 1718 2076 1780 Baina
2108 1725 2171 1780 et
2202 1734 2363 1781 suos
2393 1717 2737 1779 familiares

488 1832 552 1888 et
616 1825 917 1888 homines
982 1824 1153 1905 regie
1200 1826 1556 1888 maiestatis
1617 1826 1899 1888 facimus
1963 1826 2220 1906 quietos
2266 1832 2332 1887 et
2375 1822 2737 1905 expeditos*

487 1932 620 1994 imo
684 1931 1035 1996 redidimus
1083 1940 1146 1994 et
1192 1932 1469 1995 fecimus
1534 1950 1650 2013 per
1701 1933 1923 1996 omnia
1969 1940 2031 1995 et
2078 1934 2142 1995 in
2190 1933 2498 1996 omnibus
2545 1931 2737 1993 abso-

483 2041 682 2116 lutOS,
730 2040 963 2102 harum
1012 2047 1379 2103 nostrarum
1431 2041 1637 2119 sigillo
1676 2048 1901 2103 nostro
1949 2042 2170 2103 armali
2206 2040 2733 2119 consignatarum

486 2149 705 2227 vigore
772 2153 835 2208 et
898 2148 1268 2209 testimonio
1331 2148 1659 2210 literarum
1725 2148 2070 2210 mediante.
2123 2148 2365 2210 Datum
2428 2147 2493 2208 in
2540 2143 2737 2223 Ujlalr

486 2255 644 2317 feria
687 2254 873 2316 tertia
903 2256 1199 2334 proxima
1228 2262 1379 2336 post
1409 2255 1804 2321 dominicam
1837 2254 2245 2334 Quasimodo
2282 2271 2459 2317 anno
2492 2253 2737 2315 domini
2817 2309 2917 2353 ΗΜ

487 2362 826 2425 millesimo
875 2362 1516 2442 quadringentesimo
1566 2362 1995 2443 nonagesimo
2043 2362 2287 2441 quinto.
2761 2369 2969 2437 Ἑμῗῐειῖ

702 2518 929 2571 Masolat
963 2535 994 2569 a
1032 2518 1244 2585 zagritbi
1282 2536 1420 2573 orsz.
1459 2518 1797 2572 leveltarban.
1825 2520 1970 2572 Publ.
2006 2520 2160 2573 Arch.
2186 2520 2224 2571 f.
2253 2521 2339 2572 40.
2368 2535 2439 2570 no
2464 2520 2551 2571 45.
2582 2521 2737 2569 szeth

484 2607 743 2662 sorditasa
780 2611 1013 2676 Ljetopis
1053 2610 1244 2661 Matice
1283 2612 1388 2663 srb.
1437 2612 1588 2662 1853.
1628 2610 1733 2662 ἑνί.
1775 2609 1833 2663 11.
1873 2609 2007 2675 πέει,
2054 2612 2351 2663 172—173.

1506 2880 1725 2944 CDXI.

1098 3075 1304 3158 Valpd
1354 3075 1543 3154 υάνα,
1593 3075 1790 3139 1496.
1829 3079 1981 3158 jan.
2028 3076 2135 3139 15.

483 3244 545 3297 11.
586 3243 801 3296 Ulaszlo
839 3243 1004 3311 kiraly
1041 3244 1248 3295 Bakocz
1284 3243 1586 3296 Tamasnak
1623 3244 2026 3310 adomanyozza
2080 3241 2314 3309 Fejerk&
2369 3245 2577 3307 Τόῐῐὸε,
2633 3245 2735 3298 Kn-

487 3349 758 3399 mogoyna
795 3333 854 3385 es
892 3334 1162 3401 Dolaczky
1199 3333 1416 3384 vai-altat
1452 3332 1510 3385 e's
1548 3335 1863 3396 birtokokat‚
1903 3334 2162 3399 melyeket
2199 3331 2359 3385 e16bb
2414 3334 2737 3394 Brankovics

485 3423 603 3474 Vuk
640 3426 795 3475 szerb
833 3426 1107 3490 deszpoto„
1145 3425 1286 3488 majd
1316 3425 1489 3475 annak
1519 3428 1759 3489 ozvegye
1787 3422 2029 3486 Borbala‚
2058 3423 2224 3474 utdbb
2250 3423 2479 3475 Beriszlo
2505 3423 2733 3474 Ferencz

1388 3512 1617 3579 felesege
1654 3511 1841 3568 birtak.

701 3650 843 3714 Nos
888 3651 1289 3715 Wladislaus
1337 3652 1438 3714 dei
1486 3652 1691 3732 gratia
1757 3670 1870 3714 rex
1933 3651 2267 3734 Hungarie
2313 3658 2378 3715 et
2422 3650 2733 3715 Bohemie

483 3766 606 3821 etc,
643 3760 951 3821 memorie
999 3760 1543 3822 commendamus
1589 3766 1813 3822 tenore
1862 3760 2262 3841 presentium
2291 3759 2733 3839 significantes.

483 3865 726 3947 quibus
772 3865 1031 3945 expedit
1078 3865 1418 3939 universiS‚
1463 3865 1642 3945 quod
1686 3885 1811 3929 nos
1842 3866 2132 3929 debitum
2165 3875 2239 3929 ut
2269 3866 2457 3928 decet
2488 3865 2729 3927 haben-

483 3980 585 4035 tes
631 3979 999 4054 respectum
1046 3973 1130 4036 ad
1178 3974 1533 4053 preclaram
1582 3973 1781 4037 fidem
1829 3980 1892 4036 et
1938 3974 2312 4036 fidelitatem
2359 3980 2554 4052 atque
2603 3989 2729 4034 ser-

482 4079 787 4143 vitiorum
855 4081 1081 4144 merita
1148 4079 1357 4143 fidelis
1428 4081 1628 4143 nostri
1697 4081 1904 4144 dilecti
1970 4081 2300 4144 reverendi
2360 4081 2423 4142 in
2475 4078 2733 4142 Christo

485 4187 683 4267 patris
747 4187 992 4250 domini
1039 4187 1299 4251 Thome
1347 4188 1633 4269 episcopi
1682 4189 1954 4251 ecclesie
2002 4188 2336 4268 Agriensis
2383 4188 2624 4251 summi
2672 4198 2733 4250 et

484 4294 807 4376 secretarii
871 4296 1229 4358 cancellarii
1297 4296 1516 4375 nostri,
1583 4296 1823 4375 quibus
1890 4314 1963 4358 se
2028 4297 2113 4358 ab
2169 4296 2347 4358 initio
2403 4301 2468 4358 et
2520 4296 2607 4357 ab
2654 4311 2733 4358 en

486 4386 696 4481 usque
761 4408 1073 4482 ternpore,
1143 4420 1276 4484 quo
1341 4422 1626 4484 superna
1685 4403 2107 4483 dispositione
2172 4404 2257 4466 ad
2319 4404 2608 4482 regimen
2672 4414 2734 4462 et

485 4508 722 4571 solium
770 4511 982 4589 regale
1029 4511 1226 4573 huius
1272 4511 1453 4591 regni
1500 4511 1701 4575 nostri
1751 4510 2083 4591 Hungarie
2128 4511 2342 4574 vocati
2390 4514 2733 4591 assumpti=
