3475 5200
1412 410 1478 417 —
1555 380 1801 432 333—

480 604 698 659 tamus
708 605 930 660 autem
950 617 991 660 a
1010 600 1199 660 vobis
1218 598 1594 661 relationem
1615 616 1730 679 per
1749 599 1919 661 duos
1939 598 2098 677 dies,
2112 616 2233 661 nec
2254 600 2425 672 illam
2446 600 2737 665 obtinere

481 706 834 785 potuimus.
864 704 1102 768 Postea
1131 706 1340 768 coacti
1371 706 1645 786 negotiis
1675 705 1897 769 arduis
1930 706 2156 769 induiti
2201 708 2317 769 iter
2346 709 2733 789 arripuimus

480 809 611 875 huc
652 813 739 874 ad
777 812 968 875 Brod.
1008 813 1183 875 Dum
1218 819 1441 875 autem
1492 813 1623 875 huc
1664 813 1986 889 venimu5‚
2035 814 2212 876 venit
2257 823 2480 877 noster
2518 821 2737 897 explo-

482 926 654 981 rator
717 920 801 982 ab
846 919 1110 983 Andrea
1158 920 1348 996 Both,
1412 922 1521 999 qui
1583 921 1776 985 nobis
1835 921 2067 999 retulit,
2130 922 2344 1002 ipsum
2405 924 2733 985 Andream

484 1026 651 1089 Both
715 1044 864 1090 esse
929 1028 993 1089 in
1060 1027 1334 1108 Byhigio
1397 1036 1514 1090 aut
1582 1045 1735 1090 cum
1805 1027 2104 1091 ducentis
2173 1029 2515 1108 equitibus,
2593 1029 2649 1093 N
2657 1049 2739 1093 os

481 1142 702 1196 autem
750 1134 878 1197 hoc
924 1134 1147 1197 audito
1194 1134 1277 1197 ab
1324 1134 1547 1197 itinere
1594 1152 1726 1214 quo
1775 1137 2210 1215 pergebamus
2255 1134 2340 1197 ad
2394 1137 2733 1199 dominum

483 1242 1045 1323 archiepiscopum
1112 1241 1545 1305 Colocensem
1612 1249 1676 1304 et
1739 1242 2081 1305 dominum
2146 1244 2383 1305 ducem
2453 1245 2741 1305 cessavi-

485 1368 654 1413 mus.
702 1350 859 1412 Mox
905 1357 1128 1412 autem
1174 1351 1239 1411 in
1272 1358 1480 1412 morte
1512 1350 1681 1429 equi,
1737 1350 2040 1412 misimus
2075 1351 2410 1413 hominem
2439 1361 2737 1413 nostrum

484 1457 567 1520 ad
613 1458 954 1537 Bihigium,
1003 1458 1111 1538 qui
1159 1458 1421 1520 deberet
1465 1457 1684 1520 videre
1731 1474 1867 1537 quo
1914 1475 1987 1520 se
2033 1465 2240 1521 vertat
2280 1459 2401 1521 iste
2439 1460 2745 1521 Andreas

487 1566 671 1628 Both.
740 1564 1022 1627 Domino
1090 1573 1313 1627 autem
1381 1564 1746 1627 Collocensi
1803 1572 1867 1627 et
1920 1565 2187 1628 domino
2235 1565 2382 1627 duci
2430 1566 2513 1627 ad
2577 1569 2737 1625 nnti-

483 1673 640 1751 tiam
695 1672 995 1734 dedimus
1059 1679 1132 1733 ut
1193 1673 1278 1734 ad
1324 1673 1506 1752 ipsos
1569 1689 1869 1753 pronunc
1914 1673 2003 1734 ire
2050 1690 2184 1735 non
2247 1689 2609 1754 possumus
2657 1689 2737 1733 ex

487 1779 624 1842 istis
692 1778 912 1841 causis
983 1780 1112 1842 iam
1190 1781 1541 1861 premissis.
1622 1779 1954 1843 Hodierno
2019 1789 2239 1845 autem
2305 1782 2410 1844 die
2479 1785 2741 1845 advenit

487 1883 873 1966 egr[egius?]
930 1888 1090 1949 alter
1143 1887 1530 1968 explorator,
1590 1905 1767 1951 unus
1813 1888 1899 1951 ab
1946 1887 2180 1952 eodem
2227 1890 2492 1952 Andrea
2549 1889 2741 1965 Both,

486 1994 811 2057 familiaris
859 1995 1056 2057 unius
1102 1996 1289 2057 amici
1337 1994 1554 2072 vestri,
1619 1995 1731 2076 qui
1774 1996 1969 2058 nobis
2021 1996 2231 2058 retulit
2291 1997 2741 2059 certitudinflli-

486 2108 601 2179 ter,
648 2109 722 2164 ut
765 2103 906 2182 ipse
951 2101 1251 2165 Andreas
1298 2102 1466 2165 Both
1506 2099 1988 2183 Pethergazya¹
2040 2111 2160 2177 est,
2193 2112 2257 2167 et
2287 2112 2577 2167 montem
2613 2105 2741 2165 iam

486 2210 893 2289 pertransivit
919 2258 934 2273 .
987 2258 1002 2273 .
1054 2258 1068 2273 .
1123 2254 1158 2287 .,
1194 2210 1625 2290 convenitque
1651 2228 1803 2273 cum
1829 2210 2110 2274 dominis
2133 2211 2532 2275 Bernardino
2557 2209 2753 2273 Groff

488 2325 552 2380 et
596 2317 897 2379 johanne
954 2317 1237 2381 similiter
1282 2317 1475 2380 Groff
1532 2319 1735 2380 Hans.
1788 2317 1872 2381 Et
1900 2320 2283 2382 levaverunt
2314 2328 2447 2383 tam
2489 2321 2745 2397 equites

489 2442 689 2505 quam
732 2424 998 2505 pedites.
1048 2424 1135 2487 Et
1180 2425 1449 2488 ivissent
1499 2426 1582 2488 ad
1634 2426 1960 2488 civitatem
2008 2425 2410 2489 Venetorum
2474 2427 2745 2505 Rekafm,

488 2532 641 2612 quia
685 2532 895 2613 ipsam
941 2532 1024 2594 illi
1071 2534 1482 2595 civitatenses
1528 2534 1624 2596 eis
1668 2532 1920 2596 tradere
1948 2532 2267 2596 dicuntur.
2316 2533 2573 2598 Tamen
2621 2553 2750 2597 nos

487 2642 888 2720 ignoramuS,
936 2641 991 2703 si
1037 2642 1125 2702 ita
1170 2641 1303 2717 erit,
1349 2644 1453 2703 vel
1499 2648 1722 2703 autem
1777 2649 2039 2723 propter
2083 2643 2368 2723 aliquam
2424 2642 2746 2722 deceptis·⁴

488 2766 642 2811 nem
687 2749 838 2810 talia
884 2748 1236 2828 finguntur.
1288 2746 1419 2811 Sed
1466 2765 1812 2829 speramus
1857 2749 1923 2811 in
1970 2749 2117 2827 dec,
2165 2750 2257 2811 uti
2308 2745 2480 2828 [ista]
2529 2750 2753 2810 omnia

492 2873 618 2920 suo
649 2854 849 2918 modo
882 2848 1147 2937 [usque]
1188 2853 1581 2917 dominicam
1631 2851 1835 2933 [nunc
1881 2853 2251 2933 venturam]
2300 2857 2491 2919 nobis
2537 2866 2745 2938 porta-

493 2964 675 3026 bunt.
725 2962 809 3026 Et
857 2963 910 3025 si
944 2962 1030 3024 ita
1062 2963 1197 3040 erit,
1245 2970 1317 3025 ut
1362 2963 1501 3043 ipse
1532 2961 1833 3025 Andreas
1881 2963 2051 3025 Both
2097 2981 2252 3024 cum
2299 2963 2419 3025 illis
2467 2963 2755 3026 dominis

495 3072 874 3134 recessisset
918 3087 1152 3133 versus
1199 3069 1339 3133 illas
1385 3077 1623 3151 parteS,
1678 3069 1976 3133 videlicet
2021 3068 2289 3146 Rekam,
2340 3077 2577 3132 extunc
2625 3086 2753 3130 nos

501 3179 741 3242 ibimus
788 3178 870 3240 ad
944 3177 1108 3240 istos
1162 3177 1467 3240 dominos
1530 3194 1684 3240 cum
1751 3176 1910 3258 ipsis
1974 3177 2323 3240 convenire
2385 3178 2749 3241 secundum

497 3284 1019 3347 informationem
1083 3285 1325 3347 domini
1390 3285 1671 3365 palatini,
1737 3291 1968 3364 gentes
2016 3281 2291 3363 [autem]
2339 3293 2601 3346 nostros
2649 3286 2753 3346 hic

497 3394 830 3456 mittemus
892 3409 1108 3472 usque
1171 3392 1256 3454 ad
1320 3393 1645 3455 ducentos
1708 3392 1979 3472 equites,
2045 3391 2133 3454 Et
2195 3409 2408 3471 neque
2478 3409 2601 3454 nos
2669 3394 2753 3450 ibi

499 3502 777 3564 multum
822 3498 1245 3562 tardabimus.
1280 3498 1413 3563 Sed
1443 3501 1496 3562 si
1528 3505 1760 3579 gentes
1787 3499 2156 3562 necessarie
2187 3506 2394 3575 erunt,
2438 3498 2761 3562 nuncietis.

501 3601 765 3689 ei[dem]
797 3607 1066 3670 domino
1119 3607 1468 3669 Francisco
1498 3607 1791 3687 Beryzlo.
1826 3606 1970 3687 Ipse
2011 3607 2344 3669 adiuvabit
2382 3607 2565 3686 ipsos
2597 3626 2757 3666 una-

502 3733 656 3779 cum
685 3715 993 3796 gentibus
1018 3716 1283 3792 vestriS,
1317 3713 1998 3794 Nuntiaveramusque
2016 3721 2231 3776 vestre
2256 3714 2753 3793 magnificentie,

502 3830 575 3885 ut
620 3822 674 3885 si
719 3822 936 3902 aliqua
980 3822 1239 3884 sinistra
1285 3821 1463 3884 fama
1508 3830 1702 3898 esset,
1751 3828 1823 3882 ut
1870 3821 2101 3884 eadem
2149 3822 2338 3883 vellet
2385 3838 2510 3883 nos
2540 3830 2761 3882 certos

504 3927 770 3991 reddere
837 3946 949 4009 per
1008 3946 1218 3992 unum
1265 3928 1644 3990 familiarem
1690 3946 1911 4006 suum,
1959 3928 2014 3989 si
2061 3928 2293 3990 eadem
2360 3924 2757 4005 [nobiscum]

504 4054 638 4100 non
676 4037 790 4122 wlt
835 4035 1160 4100 constitui.
1208 4036 1295 4099 Et
1324 4037 1379 4097 si
1412 4036 1627 4115 aliqua
1665 4035 1845 4097 fama
1891 4036 2150 4098 sinistra
2205 4034 2456 4112 fuisset,
2506 4042 2577 4096 ut
2629 4034 2757 4094 iarn

505 4144 809 4222 diximus,
852 4143 1032 4223 quod
1092 4161 1217 4206 nos
1263 4144 1469 4224 parati
1514 4160 1837 4220 essemuS‚
1887 4143 2058 4204 hanc
2105 4143 2279 4204 viam
2336 4142 2649 4205 dimittere
2697 4150 2763 4202 et

505 4249 836 4315 attendere
879 4251 967 4313 ad
1012 4250 1152 4313 illas
1196 4259 1413 4331 partes
1458 4251 1522 4312 in
1568 4249 1880 4312 auxilium
1926 4257 2246 4324 vestrum;
2294 4247 2414 4311 sed
2463 4266 2585 4311 nec
2633 4250 2765 4310 hoc

507 4360 869 4423 meruimus
887 4366 1157 4423 avestra
1165 4358 1648 4440 magnificentia
1664 4357 1782 4421 sed
1797 4354 1907 4435 [ab
1926 4350 2088 4439 aliis]
2103 4356 2487 4419 rescivimus
2499 4355 2761 4418 famam.

726 4583 744 4616 ¹
782 4588 1140 4653 Petergosze.
