3475 5200
1345 380 1731 440 -129-

419 607 655 670 Christi
676 614 739 669 et
757 608 955 670 totius
988 608 1352 670 orthodoxe
1372 607 1521 669 fidei
1543 595 2137 670 inmanissimorum
2173 617 2661 688 persecutorum

419 715 736 793 habitum,
759 715 1003 794 potenti
1026 714 1371 777 obsederat
1401 716 1767 792 vallatione,
1799 716 1968 779 idem
2003 715 2323 794 Georgius
2357 715 2548 779 Groff
2572 718 2662 779 uti

417 822 658 884 athleta
686 829 1041 885 strennuus
1068 830 1132 885 et
1143 823 1314 903 pugil
1348 823 1761 899 fortissimus,
1793 823 1955 885 inter
1977 829 2227 885 ceteros
2253 841 2413 888 suos
2440 825 2664 890 fideles

419 933 658 995 multas
677 931 1142 1008 searmuncias,
1175 932 1484 1010 variaque
1503 931 1867 993 militarium
1887 931 2335 994 exercitiorum
2353 932 2662 1011 preludia,

420 1047 645 1101 contra
668 1039 847 1119 ipsos
878 1038 1137 1102 Turcos
1168 1039 1233 1100 in
1263 1045 1478 1101 castro
1510 1037 1911 1100 Galambocz
1942 1047 2283 1118 prenotato
2313 1041 2664 1103 existentes

421 1163 538 1226 pro
563 1146 811 1209 honore
835 1146 1067 1225 regalis
1092 1145 1468 1223 maiestatis
1493 1147 1688 1208 variis
1713 1146 1971 1208 fortune
1995 1147 2293 1226 periculis
2316 1165 2665 1227 personam

421 1271 613 1315 suam
670 1270 998 1332 exponere
1055 1266 1188 1316 non
1245 1271 1695 1333 expavescens
1758 1261 1893 1316 tam
1959 1261 2352 1332 constanter,
2400 1261 2666 1334 tamque

420 1359 674 1423 viriliter
691 1360 754 1422 in
775 1360 1259 1440 expugnatione
1288 1360 1516 1441 prefati
1542 1361 1732 1423 castri
1760 1361 2083 1423 commisit
2114 1368 2178 1424 et
2196 1362 2459 1442 peregit,
2487 1363 2665 1443 quod

421 1469 687 1530 tandem
726 1468 985 1531 fortuna
1019 1468 1140 1530 sibi
1179 1468 1566 1541 sinistrante‚
1608 1485 1690 1530 ex
1730 1469 1863 1530 ictu
1900 1469 2097 1531 unius
2135 1470 2364 1548 sagitte
2396 1469 2478 1530 de
2524 1470 2667 1549 ipso

421 1581 637 1637 castro
674 1576 912 1638 emisse
955 1582 1089 1638 tarn
1118 1593 1317 1655 grave
1348 1577 1563 1638 wlnus
1607 1577 1668 1638 in
1711 1594 1981 1656 corpore
2011 1577 2385 1656 suscepisse
2420 1575 2667 1655 dicitur,

421 1682 600 1761 quod
639 1683 721 1744 de
751 1683 882 1745 vita
907 1700 1035 1746 sua
1056 1684 1328 1773 dubium
1361 1690 1602 1745 eotunc
1633 1701 1748 1762 per
1780 1684 2060 1745 maxime
2093 1684 2459 1747 habebatur
2487 1730 2502 1746 .
2533 1732 2584 1747 ..
2608 1687 2659 1747 ,⁴⁴

636 1822 858 1885 Eredeti,
894 1821 1096 1888 hartya,
1136 1822 1278 1888 aljan
1315 1821 1665 1890 papirffilzett'i
1703 1822 1972 1888 pecsettel.
2002 1825 2070 1875 Μ.
2100 1824 2163 1876 Ο.
2195 1824 2256 1875 D.
2288 1824 2342 1874 L.
2378 1826 2564 1876 13223.
2593 1840 2668 1875 sz.

1427 2040 1672 2104 CXCII.

1127 2217 1345 2296 Buda,
1394 2216 1587 2280 1438.
1634 2219 1799 2281 decz.
1850 2219 1939 2281 17

431 2358 610 2411 Albert
648 2356 811 2424 lxii-aly
849 2361 1162 2424 meghagyja
1183 2374 1214 2408 a
1238 2360 1398 2412 budai
1425 2357 1792 2424 kaptalannak,
1812 2360 1949 2410 intse
1973 2374 2093 2424 meg
2119 2360 2341 2427 Gyorgy
2368 2360 2664 2425 deszpotat,

427 2452 574 2514 hogy
587 2448 729 2499 Tura
755 2445 895 2500 nevt‘i
920 2445 1231 2500 birtokanak
1252 2446 1672 2514 zalogosszeget,
1691 2476 1754 2485 -—
1770 2450 1911 2513 mely
1934 2450 2164 2499 birtokot
2189 2448 2674 2515 Rozgonyilstvr'tn-

429 2540 531 2589 nak
569 2537 628 2588 es
676 2536 846 2588 fifinak
885 2537 1171 2610 Janosnak,
1211 2537 1641 2605 adornanyozott,
1682 2565 1750 2575 -
1788 2540 1988 2592 koteles
2033 2538 2238 2590 ezekt61
2275 2540 2565 2605 elsogadni3
2603 2541 2674 2592 ha

990 2630 1233 2679 azonban
1271 2634 1357 2679 ezt
1391 2643 1529 2691 nem,
1566 2627 1723 2680 tenne
1760 2627 1942 2680 idezze
1981 2644 2115 2694 meg.

644 2758 947 2820 Albertus
993 2757 1095 2818 dei
1141 2758 1347 2837 gratia
1395 2756 1839 2820 Romanorum
1888 2774 1999 2821 rex
2047 2776 2308 2838 semper
2347 2767 2673 2839 augustus

431 2882 512 2925 ac
576 2864 924 2943 Hungarie,
985 2863 1315 2941 Bohemie,
1382 2865 1721 2934 Dalmatie.
1782 2865 2037 2928 Croatie
2084 2873 2204 2928 etc.
2253 2884 2368 2928 rex
2423 2874 2486 2929 et
2541 2867 2676 2930 dux

434 2971 714 3049 Austrie,
759 2972 1056 3034 fidelibus
1095 2972 1332 3035 nostris
1379 2973 1660 3052 capitulo
1707 2972 1978 3037 ecclesie
2026 2972 2349 3035 Budensis
2396 2975 2676 3036 salutern

433 3087 497 3141 et
559 3079 852 3159 gratiam.
921 3078 1164 3141 Dicitur
1225 3078 1416 3142 nobis
1481 3080 1544 3141 in
1603 3080 1899 3159 personis
1954 3079 2239 3143 fidelium
2298 3087 2676 3143 nostrorum

436 3186 759 3266 magnifici
807 3184 1118 3267 Stephani
1159 3189 1239 3249 de
1281 3186 1570 3266 Rozgon‚
1615 3189 1862 3267 pridem
1908 3187 1967 3250 T
1970 3188 2453 3263 hemessiensis‚
2503 3206 2677 3250 nunc

437 3310 590 3356 vero
659 3294 965 3356 Albensis
1029 3303 1092 3356 et
1157 3294 1511 3357 Jauriensis
1581 3296 2008 3357 comitatuum
2081 3295 2352 3372 comitiS,
2421 3312 2677 3358 necnon

438 3402 669 3481 egregii
733 3401 1051 3463 Johannis
1116 3402 1222 3463 filii
1292 3403 1608 3477 eiusdem,
1676 3402 1855 3482 quod
1919 3379 2220 3481 quamvis
2288 3419 2412 3463 nos
2474 3420 2683 3481 nuper

438 3509 926 3588 possessionem
972 3508 1218 3572 Thwra
1265 3509 1612 3571 simulcum
1663 3509 1890 3571 ceteris
1932 3509 2071 3571 aliis
2112 3509 2275 3571 villis
2317 3516 2381 3571 et
2422 3526 2681 3588 posses-

439 3615 730 3679 sionibus
759 3617 844 3678 ad
876 3617 1152 3678 eandem
1186 3616 1632 3697 spectantibus
1665 3618 1842 3696 apud
1874 3634 2112 3678 manus
2144 3617 2404 3679 illustris
2424 3616 2681 3696 Georgii

441 3722 693 3802 despoti
740 3722 1024 3803 Rachye,
1072 3724 1256 3786 titulo
1295 3724 1579 3803 pignoris
1618 3723 1876 3785 habitas
1917 3723 2162 3786 eisdem
2207 3724 2684 3803 exponentibus

441 3830 846 3909 exigentibus
892 3847 1119 3892 eorum
1170 3830 1584 3893 fidelitatibus
1617 3837 1681 3892 et
1709 3831 2116 3893 servitiorum
2161 3832 2400 3893 meritis
2441 3832 2504 3893 in
2546 3848 2682 3910 per-

442 3944 712 4016 petuum
754 3937 1240 4015 contulerimuS‚
1268 3955 1340 4000 se
1372 3939 1684 4017 ipsosque
1723 3937 1917 3999 iidem
1949 3946 2357 4018 exponentes
2386 3938 2449 4017 in
2484 3938 2685 3999 domi-

441 4044 621 4105 nium
686 4044 852 4106 dicte
908 4046 1347 4124 possessionis
1402 4046 1647 4108 Thwra
1705 4051 1770 4107 et
1825 4064 2095 4108 suarum
2161 4046 2685 4124 pertinentiarum

439 4151 675 4212 eodem
736 4150 1013 4230 despoto
1069 4153 1186 4214 sed
1243 4160 1307 4214 et
1362 4153 1505 4223 alio<
1545 4170 1965 4233 quocumque
2022 4170 2155 4215 non
2210 4153 2688 4215 contradicente

442 4258 744 4337 legittime
768 4258 1084 4322 introduci
1106 4259 1392 4336 fecerint,
1419 4269 1637 4322 tamen
1671 4261 1998 4340 predictus
2033 4258 2370 4339 despotuS,
2408 4260 2691 4322 nescitur

443 4383 576 4444 quo
642 4365 879 4429 ductus
944 4374 1130 4430 motu
1193 4368 1569 4430 huiusmodi
1627 4369 1900 4448 pecunie
1958 4386 2308 4445 summam,
2375 4384 2493 4447 pro
2560 4385 2691 4446 qua

448 4481 730 4553 pretacta
776 4475 1111 4553 possessio
1157 4476 1404 4538 Thwra
1452 4477 1800 4539 simulcum
1843 4476 2028 4539 dictis
2066 4478 2203 4539 aliis
2246 4476 2407 4538 villis
2445 4482 2508 4537 et
2543 4492 2689 4553 pos·

446 4582 851 4644 sessionibus
897 4582 981 4644 ad
1028 4584 1305 4645 eandem
1352 4584 1804 4663 spectantibus
1851 4584 2061 4646 eidem
2101 4584 2332 4646 fuisset
2376 4582 2689 4660 impigno-

551 4716 938 4772 Magyar--szerb
966 4718 1371 4763 bsszekbttetesek
1401 4719 1703 4762 okleveltara.
2443 4702 2475 4752 9
