3475 5200
1697 366 2084 453 -3465

763 590 956 653 nobis
1002 589 1252 652 sincere
1316 588 1590 650 dilectus
1654 586 2026 668 spectabilis
2072 590 2136 649 ‘et
2182 587 2574 667 magnificus
2636 583 3014 667 Stephanus

766 698 847 761 de
895 696 1139 759 Bathor
1183 696 1383 758 huius
1430 696 1608 776 regni
1655 695 1856 758 nostri
1903 694 2238 776 Hungarie
2292 694 2620 774 palatinus
2664 701 2753 756 ac·
2790 711 3013 757 comes

766 802 1255 867 Themesiensis
1303 810 1365 866 et
1412 802 1691 884 partium
1736 802 1917 882 regni
1965 801 2166 865 nostri
2211 802 2589 865 inferiorum
2634 802 3015 883 capitaneus

766 910 1103 990 generalis,
1168 910 1497 991 iudexque
1543 908 1992 972 Comanorum
2057 903 2451 988 nostrorum,
2512 908 2597 971 ad
2643 910 3013 1009 petitionem

766 1025 829 1081 et
878 1016 1360 1098 requisitionem
1427 1021 1740 1095 nostram,
1808 1016 2348 1096 considerataque
2392 1010 2675 1098 presenti
2737 1015 3015 1079 necessi-

766 1133 894 1188 tate
941 1132 1185 1202 nostra,
1252 1142 1385 1206 qua
1448 1124 1534 1186 ad
1600 1124 2081 1187 eliberationem
2128 1115 2414 1187 banatus
2472 1123 2673 1186 nostri
2715 1121 3012 1186 Nandor-

766 1231 1050 1321 albensis
1113 1230 1195 1294 de
1260 1231 1567 1294 manibus
1632 1231 1840 1310 fidelis
1904 1232 2105 1294 nostri
2171 1218 2499 1311 magnifici
2560 1230 2887 1294 Francisci
2931 1231 3011 1294 de

773 1336 1166 1402 Hederwara
1196 1335 1756 1419 impresentiarum
1789 1354 2117 1418 urgemur,
2167 1337 2358 1401 nobis
2388 1337 2784 1418 quingentos
2825 1338 3009 1400 flore·

770 1464 892 1509 nos
954 1446 1412 1509 accomodavit
1473 1453 1840 1525 mutuoque
1887 1453 1950 1508 et
1994 1446 2122 1509 sub
2167 1462 2286 1527 spe
2347 1444 2766 1508 restitutionis
2821 1446 3010 1520 dedit,

766 1551 913 1617 ideo
974 1555 1273 1616 volentes
1347 1552 1672 1632 prefatum
1738 1553 2078 1636 dominum
2148 1550 2560 1652 Stephanum
2626 1551 2708 1616 de
2774 1552 3012 1615 Bathor

770 1660 1121 1741 palatinum
1168 1658 1250 1722 de
1298 1660 1700 1724 restitutione
1759 1660 2136 1722 huiusmodi
2204 1677 2464 1757 summe
2510 1643 3010 1741 quingentorum

766 1769 1161 1855 florenorum
1204 1767 1491 1848 reddere
1558 1774 1808 1830 certum
1854 1775 1918 1830 et
1963 1784 2291 1848 securum,
2360 1769 2639 1834 eandem
2684 1785 3008 1833 summam

766 1875 1269 1955 quingentorum
1313 1875 1711 1939 florenorum
1759 1876 1842 1937 de
1887 1875 2034 1938 dica
2077 1875 2245 1940 cleri,
2273 1880 2341 1937 et
2384 1846 2887 1956 presbiterorum
2930 1892 3011 1938 ex

770 1985 894 2045 hoc
939 1998 1140 2061 regno
1206 1989 1432 2044 nostro
1480 1982 1814 2062 Hungarie
1876 1982 2213 2063 provenire
2260 1982 2519 2048 debenti
2566 1983 2631 2045 in
2677 1982 2802 2045 hiis
2848 1982 3012 2044 scili-

770 2096 868 2153 cet
913 2088 1073 2152 locis
1119 2087 1232 2151 ubi
1281 2089 1693 2152 commodius
1741 2090 1861 2156 sibi
1911 2089 2248 2167 videbitur,
2291 2089 2501 2152 eidem
2541 2089 2809 2153 domino
2841 2090 3012 2170 pala·

766 2196 900 2259 tino
945 2195 1430 2279 deputavimus,
1477 2204 1673 2275 atque
1710 2214 1828 2277 per
1873 2197 2100 2284 fideles
2146 2204 2419 2260 nostros‘
2440 2196 2842 2259 venerabiles
2874 2197 3012 2258 Bla-

766 2303 937 2367 sium
967 2304 1147 2381 Paxy
1177 2302 1501 2366 Budensis
1531 2298 1594 2398 et'
1623 2279 1988 2384 Philippum
2021 2304 2205 2366 More
2228 2303 2564 2405 Agriensis
2594 2303 3015 2366 ecclesiarum

770 2413 1153 2509 prepositos,
1212 2393 1700 2474 commissarios
1747 2407 1990 2474 scilicet
2035 2410 2119 2472 ad
2167 2411 2613 2473 exactionem
2641 2398 3016 2474 huiusmodi

770 2516 908 2581 dice
974 2535 1090 2599 per
1153 2518 1639 2609 sanctissimum
1709 2515 2051 2580 dominum
2133 2523 2428 2580 nostrum
2495 2514 2867 2601 deputatoS‚
2934 2518 3014 2579 de

766 2625 998 2688 eadem
1044 2618 1188 2688 dica
1247 2624 1446 2707 reddi,
1494 2605 1736 2688 restitui
1804 2615 1869 2689 et
1930 2595 2221 2708 persolvi
2273 2626 2744 2709 commisimus,
2812 2625 3017 2688 immo

766 2710 1163 2813 deputamus
1227 2741 1290 2796 et
1339 2732 1824 2797 committimus
1881 2750 2008 2814 per
2047 2739 2405 2814 presentes,
2470 2734 2560 2796 ita
2602 2733 2901 2801 videlicet
2955 2741 3019 2794 et

766 2839 989 2916 taliter,
1039 2839 1216 2919 quod
1247 2841 1302 2902 si
1335 2840 1712 2904 huiusmodi
1762 2858 2024 2904 summa
2070 2840 2573 2921 quingentorum
2620 2841 3017 2904 florenorum

766 2946 846 3007 de
893 2947 1036 3027 ipsa
1082 2947 1226 3010 dica
1270 2947 1804 3028 presbiterorum
1817 2966 1950 3011 non
1984 2950 2396 3028 explerem,
2416 2957 2657 3012 extunc
2705 2949 3014 3030 promitti—

770 3042 936 3116 mus
963 3052 1026 3117 id
1071 3061 1283 3117 totum
1329 3056 1508 3135 quod
1554 3045 1891 3120 residuum
1938 3056 2072 3134 erit,
2121 3054 2372 3137 prefato
2422 3056 2689 3119 domino
2732 3053 3017 3143 palatino

766 3161 958 3224 etiam
986 3161 1067 3224 de
1091 3162 1229 3225 aliis
1253 3152 1678 3243 proventibus
1707 3149 1945 3227 nostris
1977 3165 2301 3244 regalibus
2337 3181 2551 3244 usque
2582 3165 2669 3226 ad
2700 3153 3014 3245 integram

770 3285 1097 3331 summam
1161 3269 1595 3350 predictorum
1659 3270 2165 3351 quingentorum
2208 3258 2608 3335 florenorum
2661 3259 2912 3338 realiter
2954 3274 3018 3332 et

770 3393 919 3438 cum
967 3375 1207 3438 effectu
1255 3376 1541 3454 reddere,
1590 3378 1925 3442 restituere
1953 3385 2019 3441 et
2044 3379 2431 3459 persolvere,
2476 3378 2805 3459 reddique,
2838 3377 3017 3439 resti-

770 3483 856 3544 tui
904 3489 969 3544 et
1014 3484 1295 3563 persolvi
1341 3501 1458 3565 per
1500 3485 1980 3548 thesaurarium
2029 3493 2327 3549 nostrum
2375 3487 2514 3549 sine
2560 3487 2693 3548 ulla
2741 3483 3015 3548 difficul-

770 3596 896 3654 tate
929 3587 1163 3670 facere,
1201 3591 1438 3670 quibus
1471 3591 1639 3654 ut-id
1659 3591 1892 3655 -facere
1920 3600 2225 3657 nostram*
2247 3593 2333 3656 ad
2360 3594 2677 3657 rationem
2710 3593 3012 3668 debeant,

774 3696 1141 3760 firmissime
1203 3699 1670 3761 committimus
1736 3708 1802 3763 et
1865 3700 2287 3780 mandamus»,
2347 3701 2581 3784 harum
2647 3708 3016 3770 nostrarum

770 3803 990 3885 vigore
1021 3812 1086 3867 et
1115 3805 1486 3868 testimonio
1515 3807 1843 3870 literarum
1876 3807 2215 3871 mediante«.
2244 3807 2488 3873 Datum
2522 3807 2709 3870 Bude
2739 3806 3017 3870 sabbato

774 3912 1065 3990 proximo
1087 3916 1263 3994 'post
1298 3914 1549 3977 'festum
1599 3916 1787 3977 beate
1837 3903 2032 3978 Lucie
2076 3914 2340 3997 virginis
2388 3923 2459 3979 et·
2489 3899 2787 3993 martiriS,
2818 3901 3017 3976 'anno

770 4019 1011 4082 domini
1060 4019 1399 4083 millesimo
1446 4019 1970 4100 quingentesimo
2019 4022 2271 4086 decimo
2320 4040 2518 4086 nono.

935 4174 937 4177 ι
984 4211 1206 4299 Eredeti,
1237 4215 1413 4299 papir,
1451 4212 1591 4301 aljan
1618 4212 1977 4287 ,papirrolzetfi
2012 4213 2282 4285 peesettel.
2318 4216 2584 4291 Μ.,ο.1),
2611 4217 2906 4292 L:.-2.3.293·
2942 4232 3017 4267 sz.
