3475 5200
1372 356 1764 409 —161-

435 575 833 637 florenorum
900 575 1038 637 auri
1084 573 1167 636 de
1213 575 1537 638 talismodi
1586 576 1883 655 pecunia,
1927 594 2126 656 quam
2175 578 2448 659 singulis
2502 581 2696 644 annis

435 680 523 744 de
598 682 971 744 memoratis
1046 682 1237 744 bonis
1312 682 1630 745 dictorum
1700 683 1941 745 domini
2018 683 2276 765 Georgii
2341 687 2693 767 dezpothy,

443 789 706 851 domine
770 789 965 851 Erine
1020 805 1099 849 ac
1160 788 1476 868 Gregorii,
1544 787 1858 870 Stephani
1923 797 1988 853 et
2042 791 2266 853 Lazari
2332 795 2695 875 percepturi

444 902 689 972 essent,
773 897 1204 975 compleretur
1288 895 1477 957 iidem
1556 896 1864 960 dominus
1941 897 2265 978 Georgius
2353 899 2692 980 despotus,

438 1002 714 1065 domina
758 1002 978 1080 Erina‚
1026 1020 1148 1066 seu
1193 1012 1257 1066 et
1304 1002 1679 1083 GregoriuS,
1728 1002 2108 1083 Stephanus
2156 1012 2221 1067 et
2268 1004 2557 1069 Lazarus
2593 1009 2696 1070 vel

448 1126 675 1172 eorum
752 1110 1027 1173 heredes
1102 1111 1338 1173 vellent
1414 1110 1748 1189 redimere,
1823 1120 2065 1174 extunc
2128 1112 2321 1175 iidem
2389 1114 2697 1177 dominus

442 1216 781 1281 Johannes
826 1217 1222 1296 gubernator
1267 1236 1345 1280 ac
1392 1218 1735 1281 Ladislaus
1783 1226 1846 1281 et
1893 1218 2200 1298 Mathyas
2247 1220 2354 1282 filii
2394 1221 2494 1283 sui
2535 1229 2698 1284 tota-

443 1324 575 1386 lem
622 1324 793 1386 illam
841 1341 1171 1387 summam
1218 1326 1513 1406 pecunie,
1558 1343 1757 1405 quam
1798 1326 1879 1388 de
1919 1326 2111 1389 bonis
2150 1327 2452 1407 predictis
2499 1329 2698 1391 modo

441 1449 582 1511 quo
629 1448 829 1511 supra
884 1432 1165 1511 exigisse
1213 1433 1525 1511 comperti
1583 1432 1820 1494 fuerint
1864 1451 1983 1513 pro
2031 1434 2262 1496 solutis
2320 1443 2698 1515 computare

448 1547 516 1601 et
560 1539 880 1602 defalcare
930 1547 995 1602 et
1040 1556 1240 1619 supra
1286 1539 1409 1602 hec
1458 1546 1717 1620 recepta
1763 1541 1848 1601 ab
1895 1541 2054 1620 ipsis
2101 1541 2371 1603 domino
2418 1542 2701 1622 Georgio

450 1648 750 1728 despoto,
797 1646 1066 1709 domina
1112 1646 1329 1723 Erina‚
1389 1645 1722 1725 Gregorio,
1758 1645 2096 1728 Stephano
2144 1656 2208 1709 et
2254 1648 2502 1711 Lazaro
2550 1651 2701 1711 resi·

443 1755 695 1817 duitate
752 1754 1128 1817 huiusmodi
1188 1753 1463 1833 pecunie
1519 1771 1731 1832 usque
1789 1753 2142 1834 perfectam
2201 1755 2702 1835 completionem

451 1870 939 1943 prenotatorum
971 1868 1237 1924 centum
1269 1861 1516 1923 milium
1549 1869 1611 1923 et
1643 1861 2113 1940 quinquaginta
2137 1862 2423 1941 quinque
2456 1865 2703 1925 milium

451 1971 846 2032 florenorum
893 1970 1031 2031 auri
1079 1976 1439 2031 memorata
1484 1969 1661 2031 bona
1706 1969 2055 2031 simulcum
2112 1970 2421 2032 omnibus
2477 1971 2706 2032 utilita-

451 2079 628 2141 tibus
659 2088 723 2141 et
750 2078 1147 2158 pertinentiis
1182 2078 1472 2157 ipsorum
1508 2078 1756 2140 eisdem
1788 2077 2056 2139 domino
2086 2076 2368 2157 Georgio
2402 2077 2700 2157 despotO,

447 2187 717 2248 domine
765 2184 960 2248 Erine
1005 2203 1082 2247 ac
1132 2185 1465 2265 Gregorio,
1516 2184 1853 2263 Stephano
1901 2191 1966 2246 et
2013 2183 2260 2245 Lazaro
2307 2191 2420 2245 aut
2476 2200 2705 2245 eorum

454 2293 805 2355 heredibus
852 2293 1169 2354 remittere
1216 2291 1525 2353 deberent
1582 2299 1646 2352 et
1681 2299 2072 2353 tenerentur.
2111 2290 2476 2352 Voluerunt
2512 2290 2706 2352 etiam

455 2407 529 2462 ut
592 2401 750 2462 dum
817 2385 901 2461 ex
966 2417 1227 2461 summa
1292 2399 1686 2460 florenorum
1748 2398 1887 2458 auri
1954 2397 2258 2477 superius
2334 2398 2710 2478 specificata

457 2515 706 2587 partem
737 2508 1042 2586 aliquam,
1082 2505 1379 2568 videlicet
1425 2506 1712 2585 quinque
1753 2505 1925 2566 milia
1963 2512 2077 2567 aut
2114 2504 2343 2566 decem
2381 2506 2486 2567 vel
2526 2506 2711 2584 plura

454 2616 598 2678 sive
663 2615 973 2695 pauciora
1035 2615 1099 2676 in
1165 2623 1408 2677 sortem
1474 2615 1869 2675 florenorum
1935 2613 2074 2673 auri
2140 2629 2401 2675 summe
2466 2612 2709 2693 prefate

454 2723 610 2785 dicti
655 2723 965 2784 dominus
997 2723 1314 2801 despotus
1350 2739 1430 2783 ac
1468 2720 1735 2783 domina
1774 2720 1994 2797 Erina‚
2035 2737 2295 2782 necnon
2336 2720 2709 2800 GregoriuS,

460 2827 838 2910 Stephanus
870 2837 933 2892 et
965 2830 1252 2891 Lazarus
1284 2829 1438 2890 dare
1471 2836 1764 2908 possent,
1799 2834 2040 2890 extunc
2073 2826 2364 2906 prefatus
2402 2826 2711 2889 dominus

454 2936 796 2999 Johannes
827 2939 1220 3015 gubernator
1250 2944 1314 2998 et
1352 2936 1457 2997 filii
1498 2937 1599 2998 sui
1640 2935 1905 3015 pretacti
1936 2951 2196 3014 semper
2225 2935 2418 2996 talem
2462 2942 2710 3013 partem

461 3044 855 3105 florenorum
889 3044 1024 3105 auri
1060 3044 1338 3123 recipere
1369 3050 1431 3104 et
1479 3043 1542 3103 in
1591 3044 1838 3104 ratione
1886 3041 2092 3121 ipsius
2139 3058 2400 3104 summe
2449 3048 2714 3103 centum

465 3151 710 3212 milium
778 3159 841 3212 et
904 3152 1371 3231 quinquaginta
1444 3151 1730 3229 quinque
1802 3149 2048 3211 milium
2116 3149 2509 3210 florenorum
2576 3149 2715 3209 auri

468 3265 866 3336 computare,
916 3259 1353 3339 sepefatisque
1417 3258 1684 3320 domino
1745 3255 2025 3335 Georgio
2088 3255 2385 3335 despotO,
2452 3254 2714 3317 domine

469 3364 681 3443 Erine,
733 3353 1065 3444 GregoriO,
1124 3364 1459 3445 Stephano
1508 3372 1569 3426 et
1621 3350 1865 3426 Lazaro
1913 3362 2263 3444 superinde
2311 3352 2570 3443 semper
2614 3363 2717 3424 lit-

470 3481 638 3534 teras
684 3490 845 3534 suas
891 3473 1315 3551 quitanciales
1370 3473 1524 3534 dare
1572 3477 1944 3534 tenerentur
2001 3479 2067 3533 et
2129 3478 2305 3533 esset
2370 3470 2715 3549 obligatus,

473 3580 594 3641 hoc
642 3580 835 3642 etiam
868 3581 1213 3656 declarato,
1251 3580 1428 3658 quod
1452 3580 1523 3658 [si
1563 3580 1812 3641 interim
1861 3578 2072 3640 donec
2112 3577 2421 3657 prelibata
2457 3594 2718 3639 summa

474 3696 733 3749 centum
783 3688 1027 3748 milium
1075 3695 1137 3749 et
1183 3687 1649 3766 quinquaginta
1696 3686 1982 3764 quinque
2031 3685 2277 3745 milium
2324 3684 2719 3746 florenorum

470 3795 608 3857 auri
674 3794 757 3856 de
823 3803 1182 3856 memorata
1247 3812 1509 3855 summa
1575 3794 1969 3854 florenorum
2035 3791 2196 3865 auri,
2255 3791 2383 3869 qu'e
2449 3790 2719 3869 singulis

472 3902 662 3964 annis
708 3909 780 3964 ut
827 3902 1141 3982 prefertur
1186 3902 1267 3964 de
1315 3900 1617 3981 pretactis
1684 3900 1874 3961 bonis
1932 3900 2099 3978 exigi
2158 3897 2419 3959 debebit
2475 3897 2724 3958 realiter

474 4010 801 4089 complere
872 4017 1115 4089 posset,
1187 4009 1534 4088 prenarrati
1609 4007 1916 4069 dominus
1995 4004 2318 4085 Georgius
2382 4004 2720 4084 despotu5‚

466 4116 741 4178 domina
787 4115 1004 4193 Erina‚
1062 4115 1432 4194 GregoriuS‚
1492 4113 1869 4193 Stephanus
1916 4120 1980 4174 et
2027 4113 2314 4174 Lazarus
2362 4112 2504 4191 ipsa
2550 4112 2725 4173 bona

472 4241 515 4285 a
570 4224 879 4286 manibus
935 4231 1440 4286 memoratorum
1470 4221 1885 4283 dominorum
1918 4220 2234 4281 Johannis
2275 4218 2726 4298 gubernatoris

467 4349 550 4393 ac
647 4331 926 4394 Ladislai
1001 4339 1062 4392 et
1155 4330 1421 4410 Mathye
1500 4329 1777 4390 filiorum
1852 4345 2125 4390 suorum
2205 4326 2516 4387 redimere
2590 4342 2725 4386 non

478 4447 750 4518 possent
797 4448 913 4503 aut
957 4439 1197 4501 nollent
1242 4438 1343 4499 vel
1384 4454 1516 4497 non
1566 4443 1885 4511 curarent,
1937 4453 2020 4496 ex
2065 4442 2223 4496 tunc
2271 4431 2728 4494 nichilominus

473 4548 640 4609 dum
687 4555 752 4608 et
799 4563 1281 4625 quamcumque
1329 4545 1500 4606 idem
1549 4544 1857 4606 dominus
1917 4543 2314 4621 gubernator
2359 4547 2423 4602 et
2469 4539 2576 4600 filii
2625 4539 2727 4600 sui

590 4682 941 4737 Mamur-surb
970 4680 1373 4725 osszekottetesek
1401 4645 1700 4723 okleveltAra.
2449 4658 2512 4711 ll
