3475 5200
1379 282 1768 335 -297-

449 509 514 566 et
547 521 782 567 versus
814 512 1032 584 partes
1059 504 1526 584 Transalpinas
1558 504 1620 565 in
1650 522 1894 583 magno
1925 521 2198 566 numero
2226 523 2307 567 ac
2339 523 2489 567 cum
2518 523 2697 569 exer*

451 612 578 674 citu
627 612 1000 692 congregati
1048 619 1223 689 sunt,
1271 621 1335 673 et
1380 613 1462 674 ad
1511 613 1639 675 hoc
1684 629 1963 692 regnum
2010 619 2307 674 nostrum
2351 619 2697 693 partesque

450 719 569 781 sibi
635 719 966 781 subiectas
1030 719 1440 781 incursiones
1509 735 1588 780 ac
1666 717 1956 800 dampna
2030 719 2260 781 inferre
2335 719 2697 782 intendunt*

452 826 668 905 Quare
701 834 774 888 ut
805 843 1078 907 regnum
1111 826 1327 905 ipsum
1360 826 1840 906 partesqueille
1869 827 1988 888 sibi
2022 826 2312 888 subiecte
2341 846 2382 888 a
2412 827 2701 907 dampno

452 940 516 995 et
546 934 833 1014 periculo
864 934 1220 1013 preservari
1258 934 1534 1013 possint,
1563 934 1877 995 volumus
1917 940 1980 995 et
2012 933 2295 995 fidelitati
2326 941 2437 996 tue
2469 935 2701 997 harum

453 1042 618 1103 serie
648 1040 1016 1102 firmissime
1057 1040 1523 1112 committimus
1555 1047 1617 1101 et
1645 1039 2065 1118 mandamus,
2114 1049 2306 1119 prout
2337 1043 2529 1104 etiam
2563 1043 2701 1103 aliis

453 1147 755 1223 dominiS,
783 1148 1081 1210 fidelibus
1106 1148 1348 1210 scilicet
1373 1147 1608 1209 nostris
1633 1147 2110 1224 commisimuS‚
2134 1149 2442 1227 quatinus
2474 1156 2701 1228 gentes

452 1263 622 1334 tuaS‚
673 1273 838 1335 quas
884 1273 1003 1336 pro
1050 1255 1430 1318 defensione
1478 1256 1655 1334 regni
1694 1256 1864 1317 alere
1911 1262 1975 1317 et
2023 1273 2411 1318 conservare
2443 1257 2701 1325 tenena

453 1369 735 1444 paratas,
769 1363 1012 1425 meliori
1058 1381 1136 1426 ae
1178 1363 1241 1424 in
1275 1364 1538 1443 pleniori
1573 1380 1847 1425 numero
1880 1381 2078 1442 quam
2112 1364 2432 1426 hactenus
2463 1362 2705 1425 habere

454 1477 517 1531 et
562 1477 781 1531 tenere
829 1468 1093 1548 debeas,
1143 1477 1214 1532 ut
1262 1471 1420 1533 dum
1468 1472 1628 1533 alias
1673 1471 1889 1533 literas
1939 1478 2199 1533 nostras
2228 1469 2340 1532 tibi
2373 1470 2705 1533 mittemus

455 1594 492 1638 e
539 1576 812 1654 vestigio
862 1577 1002 1640 illas
1050 1596 1313 1641 movere
1361 1585 1557 1658 atque
1604 1595 1685 1639 eo
1733 1596 1866 1656 quo
1917 1577 2360 1640 necessarium
2407 1577 2598 1639 fuerit
2645 1589 2705 1641 et

454 1690 647 1762 prout
693 1684 758 1745 in
806 1684 1054 1747 eisdem
1101 1686 1240 1747 aliis
1285 1685 1506 1747 litteris
1555 1686 1789 1747 nostris
1839 1685 1948 1747 tibi
1981 1685 2518 1764 significabimu5‚
2567 1686 2705 1747 sine

456 1791 735 1854 ulteriori
783 1810 968 1855 mora
1014 1799 1076 1854 et
1123 1793 1535 1871 requisitione
1566 1793 1815 1855 mittere
1846 1792 2063 1872 possis
2109 1799 2174 1854 et
2219 1791 2396 1854 aliud
2441 1792 2705 1854 nullate-

457 1916 586 1961 nus
634 1900 848 1962 facere
893 1918 1259 1981 presumas.
1327 1901 1569 1962 Datum
1617 1899 1824 1976 Bude,
1888 1901 2166 1962 sabbato
2213 1900 2511 1979 proximo
2559 1909 2707 1961 ante

458 2003 700 2068 festum
748 2008 1214 2088 purificationis
1244 2007 1508 2087 virginis
1538 2008 1839 2087 gloriose,
1889 2025 2065 2069 anno
2097 2006 2339 2070 domini
2371 2007 2705 2070 millesimi:-

457 2116 978 2197 quingentesimo
1025 2118 1250 2195 primo,

2785 1989 2881 2033 1501

2725 2065 2821 2117 jim-
2845 2061 2913 2105 3:1¹.

673 2258 917 2322 Kivul:
981 2260 1332 2340 Magnifico
1395 2260 1645 2322 Jacobo
1711 2260 1950 2339 Banffy
2014 2260 2095 2322 de
2171 2260 2470 2339 Lyndwa
2534 2259 2701 2321 fideli

459 2368 649 2430 nobis
695 2369 947 2431 dilecto,

672 2509 893 2569 Eredeti,
934 2511 1103 2575 papir,
1146 2508 1375 2560 zat-laten
1413 2506 1764 2574 papirf‘olzetfi
1801 2507 2070 2573 pecsettel.
2112 2507 2180 2557 M.
2221 2507 2282 2558 N.
2326 2508 2396 2558 M.
2434 2508 2491 2558 lt.

1446 2779 1730 2843 CDXIV.

1166 2958 1384 3036 Bada,
1436 2958 1630 3021 1501.
1680 2955 1847 3037 maj.
1898 2957 2006 3019 30.

461 3098 523 3151 11.
566 3098 779 3152 Ulaszlo
818 3099 983 3165 kirtily
1022 3101 1284 3163 elrendeli,
1323 3102 1468 3165 hogy
1495 3100 1850 3162 Belmosevity
1889 3097 2045 3147 Milos
2083 3093 2300 3146 kiskorsi
2337 3093 2550 3159 lednyat
2580 3095 2709 3144 Mili-

465 3188 597 3253 czat,
654 3187 759 3255 mig
797 3186 1227 3256 nagykon'isagdt
1262 3186 1399 3251 eleri,
1453 3189 1708 3253 jogaiban
1762 3185 2074 3250 haborgatni
2111 3183 2168 3234 ἐς
2208 3184 2373 3234 ellene
2410 3183 2546 3234 bii-oi
2581 3180 2709 3234 {iton

1130 3276 1348 3343 sollepni
1385 3278 1533 3328 senki
1572 3292 1636 3327 ne
1674 3272 2033 3338 mere'szeljen.

680 3406 820 3470 Nos
866 3407 1267 3470 VVladislaus
1332 3407 1433 3468 dei
1497 3405 1702 3484 gratia
1749 3421 1863 3466 rex
1910 3403 2241 3481 Hungarie
2294 3405 2358 3464 et
2403 3401 2713 3464 Bohemie

469 3524 588 3579 ete.
633 3517 945 3578 memorie
993 3514 1535 3577 commendamus
1583 3520 1811 3575 tenore
1841 3510 2240 3592 presentium
2278 3508 2717 3589 significantes

469 3624 709 3704 quibus
757 3622 1016 3703 expedit
1072 3621 1412 3698 universiS,
1461 3619 1638 3698 quod
1686 3637 1812 3680 nos
1857 3625 1996 3681 tum
2044 3618 2405 3697 approbata
2450 3623 2515 3679 et
2561 3618 2717 3678 anti-

468 3751 600 3812 qua
646 3730 1118 3794 consuetudine
1164 3748 1241 3791 ac
1287 3731 1431 3808 lege
1477 3728 1655 3808 regni
1705 3727 1905 3790 nostri
1951 3723 2282 3803 Hungarie
2339 3724 2717 3802 requirente,

471 3848 610 3902 tum
676 3840 870 3901 etiam
919 3855 1003 3900 ex
1047 3838 1252 3917 gratia
1300 3835 1560 3916 speciali
1610 3834 1806 3897 nobili
1855 3834 2066 3913 puelle
2122 3831 2424 3912 Mfflyeza
2469 3838 2717 3902 vocatis

471 3948 597 4010 filie
645 3947 927 4009 condam
974 3945 1190 4026 Mylos
1229 3942 1743 4024 Belmosow5th,
1793 3941 1858 4003 in
1906 3947 2128 4003 tenera
2165 3944 2334 4000 etate
2374 3936 2721 3999 constitute

470 4054 643 4117 hanc
672 4054 970 4135 specialis
1003 4058 1221 4114 nostre
1258 4051 1459 4131 gratie
1488 4049 1964 4131 prerogativam
1997 4047 2306 4110 duximus
2331 4041 2717 4114 faciendam„

472 4163 607 4225 imo
654 4162 933 4224 facimus
964 4159 1361 4241 presentium
1400 4176 1516 4239 per
1544 4158 1857 4237 vigorem,
1906 4161 1979 4217 ut
2007 4155 2224 4216 nullus
2257 4150 2526 4214 omnino
2557 4149 2717 4211 iudi*

474 4273 651 4333 cum'
677 4277 740 4332 et
787 4268 1266 4331 iustitiariorum
1332 4265 1664 4347 prescripti
1712 4264 1890 4343 regni
1939 4261 2138 4324 nostri
2206 4257 2538 4338 Hungarie
2586 4274 2725 4337 pre-

475 4377 677 4439 fatam
724 4377 1008 4456 puellam
1045 4375 1348 4457 Mylyeza
1382 4375 1445 4435 in
1480 4372 1821 4453 quibusvis
1854 4369 2092 4446 causis,
2141 4384 2282 4462 sew
2319 4382 2546 4428 earum
2580 4366 2725 4426 arti·

475 4485 659 4564 euliS,
709 4485 990 4564 demptis
1036 4484 1377 4546 dumtaxat
1424 4479 1643 4543 causis
1684 4485 1974 4558 tempore
2020 4476 2220 4557 patris
2267 4474 2369 4537 sui
2403 4473 2725 4535 inchoatis
