3475 5200
1422 387 1490 393 --
1566 359 1633 410 63
1709 323 1809 396 -'

477 579 586 640 ubi
643 579 918 659 reperire
977 578 1274 658 poterint,
1333 577 1600 640 easdem
1657 594 1760 640 res
1808 585 1871 640 et
1924 580 2101 641 bona
2158 580 2420 659 predicti
2477 578 2746 641 Nicolai.

479 686 585 747 filii
611 686 912 775 Abrache
945 686 1136 748 nobis
1162 702 1549 747 conservare
1574 692 1637 747 et
1661 687 1997 748 extradare
2018 686 2299 749 debeant
2319 694 2382 748 et
2411 685 2721 762 debeatiS‚

479 795 588 872 qui
633 794 686 855 si
730 792 1004 856 feceritis
1052 793 1217 855 bene
1279 791 1560 871 quidem,
1610 793 1896 872 alioquin
1946 793 2115 855 idem
2183 811 2315 855 non
2382 811 2724 856 reservans

473 903 540 962 in
597 901 987 963 infidelitatis
1053 908 1210 962 nota
1276 907 1501 961 contra
1563 918 1686 962 nos
1745 901 2195 964 obfuscabitur
2229 887 2458 981 ‘ipsam
2510 901 2721 980 prohi-

477 1008 783 1071 bitionem
851 1026 986 1070 non
1052 1009 1487 1084 observando,
1557 1010 1734 1089 ipsas
1802 1027 1904 1071 res
1970 1008 2351 1070 nullomodo
2416 1009 2593 1088 apud
2650 1026 2723 1070 se

476 1133 867 1178 conservare
915 1115 1213 1192 debeant,
1250 1123 1311 1177 et
1343 1116 1518 1178 aliud
1566 1116 1781 1178 facere
1818 1134 1955 1178 rnon
1997 1117 2219 1178 ausuri
2261 1117 2324 1176 in
2368 1115 2720 1195 premissis,

481 1221 719 1283 Datum
768 1221 831 1283 in
880 1222 1301 1284 Albanandor
1349 1223 1412 1284 in
1469 1222 1637 1285 festo
1695 1224 2034 1285 beatorum
2091 1220 2403 1302 Symonis
2451 1230 2513 1284 et
2556 1222 2724 1285 Jude

474 1331 922 1409 apostolorum
971 1347 1146 1391 anno
1195 1330 1438 1391 domini
1487 1330 1827 1392 millesimo
1876 1330 2513 1409 quadringentesimo
2557 1331 2725 1391 deci-

479 1437 890 1516 moseptimo.

691 1595 914 1655 Eredeti,
963 1598 1128 1660 papir,
1177 1595 1313 1661 aljan
1364 1598 1524 1647 votos
1572 1597 1788 1647 viaszba
1828 1601 2071 1660 nyomott
2112 1593 2380 1660 pecsettel.
2421 1596 2491 1646 M.
2534 1594 2596 1647 N.
2633 1595 2724 1654 M„

479 1683 661 1748 Kirnay
698 1699 771 1735 cs.
810 1686 865 1735 lt.

1464 1937 1746 1999 CXXIX.

1005 2131 1617 2214 Ndndorfejeirvdr,
1667 2130 1861 2196 1417.
1913 2133 2191 2200 oleae&

486 2293 797 2344 Lazarevics
833 2291 1010 2344 Istvan
1049 2291 1168 2343 racz
1207 2294 1464 2356 deszpota
1500 2294 1816 2357 meghagyja
1842 2309 1905 2343 az
1943 2293 1975 2343 6
2015 2292 2343 2355 vrirosafflnk,
2383 2291 2730 2344 Szatmarnak

478 2381 541 2433 es
567 2381 888 2443 Nemetinek‚
915 2385 1059 2448 hogy
1096 2380 1630 2438 tarnokmesterenek,
1669 2380 1924 2433 Remethe
1962 2382 2110 2433 Pe'ter
2148 2385 2230 2446 fia,
2269 2382 2569 2443 Istvannak,
2598 2398 2630 2432 a
2657 2384 2731 2431 kit

855 2469 1100 2537 torvenyt
1137 2473 1246 2522 inni
1286 2473 1411 2521 kiild
1448 2471 1728 2536 hozzajuk,
1766 2469 2039 2537 segelye're
2076 2473 2349 2538 legyenek.

695 2617 1073 2699 Stephanus
1128 2620 1230 2681 dei
1293 2620 1497 2697 gratia
1564 2620 1884 2699 dezpotus
1951 2619 2218 2683 Rasscie
2283 2628 2401 2682 ete.
2471 2618 2729 2681 Dilectis

484 2727 672 2787 nobis
720 2727 1041 2789 universis
1089 2734 1152 2789 et
1198 2725 1469 2805 singulis
1525 2727 1778 2788 civibus
1826 2735 1890 2790 et
1937 2728 2303 2808 hospitibus
2362 2729 2600 2789 nostris
2647 2725 2728 2787 de

483 2832 793 2895 Zathmar
858 2840 919 2895 et
985 2835 1065 2896 de
1132 2832 1454 2910 Nemethy
1520 2835 1773 2895 vocatis
1849 2835 2281 2896 residentibus
2329 2841 2391 2896 et
2439 2852 2728 2896 commo-

489 2940 783 3002 rantibus
831 2941 1238 3003 dilectionem
1306 2958 1457 3001 cum
1523 2941 1753 3003 salute.
1822 2940 2146 3003 Noveritis
2212 2959 2338 3002 nos
2399 2941 2728 3019 egregium

487 3046 748 3108 militem
823 3047 1204 3125 magistrum
1273 3044 1683 3127 Stephanum
1752 3045 1954 3107 filium
2019 3047 2180 3139 Petri
2260 3048 2340 3108 de
2417 3048 2730 3109 Remethe

484 3154 790 3215 comitem
830 3160 892 3215 et
931 3154 1310 3215 familiarem
1357 3164 1653 3216 nostrum
1694 3154 1756 3215 in
1797 3171 2078 3234 persona
2125 3162 2367 3231 nostra,
2416 3162 2728 3234 tanquam

488 3261 869 3340 magistrum
925 3261 1402 3324 tavernicorum
1461 3268 1835 3324 nostrorum
1891 3261 1975 3322 ad
2030 3279 2154 3325 vos
2212 3270 2274 3323 et
2328 3263 2393 3324 in
2440 3261 2728 3351 medium

483 3368 672 3429 vestri
742 3385 858 3448 pro
923 3370 1251 3431 nonnullis
1312 3369 1532 3431 causis
1589 3376 1653 3430 et
1709 3369 1898 3431 factis
1975 3369 2336 3431 iudicandis
2402 3375 2463 3431 et
2508 3363 2723 3431 ⁴disse-

489 3475 711 3537 candis
778 3476 939 3538 inter
1001 3494 1123 3538 vos
1188 3494 1303 3554 per
1369 3477 1638 3538 modum
1715 3477 2191 3539 tavernicorum
2273 3477 2729 3555 requirendum

487 3581 852 3644 destinasse
886 3590 948 3645 et
982 3584 1440 3645 transmisisse.
1493 3584 1643 3646 Ideo
1691 3584 2143 3646 dilectionibus
2189 3585 2422 3646 vestris
2468 3562 2733 3645 firmiter

489 3690 896 3768 precipiendo
946 3691 1359 3767 mandamuS,
1409 3698 1735 3769 quatenus
1783 3688 2005 3753 habita
2041 3693 2440 3770 presentium
2484 3691 2728 3765 notitia,

491 3794 663 3857 iuxta
728 3797 1270 3861 consuetudinem
1340 3804 1403 3858 et
1468 3798 1737 3859 modum
1788 3792 2295 3860 ‘tavernicorum
2370 3798 2535 3859 inter
2607 3815 2731 3860 vos

492 3901 732 3965 iuratos
788 3904 1034 3983 probos
1089 3905 1263 3965 viros
1321 3905 1638 3983 eligendO,
1687 3905 2038 3967 simulcum
2086 3904 2371 3985 predicto
2420 3906 2729 3983 magistro

491 4005 822 4090 Stephano
871 4011 1179 4089 magistro
1236 4012 1710 4074 tavernicorum
1770 4020 2140 4075 nostrorum
2188 4013 2444 4074 cuilibet
2498 4029 2730 4090 queru-

493 4116 660 4193 lanti,
719 4118 1052 4196 signanter
1107 4121 1168 4179 in
1232 4118 1448 4181 medio
1503 4116 1698 4180 vestri
1759 4136 1889 4180 non
1949 4119 2206 4180 modica
2264 4126 2420 4180 nota
2477 4126 2539 4179 et
2585 4118 2730 4179 labe

490 4223 838 4302 existentis,
886 4245 966 4287 ac
1013 4228 1075 4288 in
1124 4226 1494 4289 infidelitate
1543 4235 1769 4289 contra
1816 4244 1940 4289 nos
1988 4236 2050 4289 et
2099 4226 2581 4288 universitatem
2623 4245 2729 4288 ve-

495 4339 689 4393 stram
721 4335 1115 4414 reperientis,
1152 4342 1343 4415 prout
1376 4335 1575 4398 moris
1607 4342 1727 4409 est,
1762 4341 1824 4395 et
1863 4334 2275 4396 consuetudo
2324 4333 2502 4412 regni
2550 4333 2728 4394 Hun-

496 4439 660 4515 garie
709 4441 988 4520 requirit,
1038 4441 1319 4505 iudicare
1353 4450 1418 4505 et
1447 4424 1785 4504 extradare
1829 4448 1891 4503 et
1925 4442 2005 4503 de
2048 4442 2264 4503 medio
2309 4447 2528 4503 vestro
2569 4441 2731 4501 tales

497 4549 778 4611 notor-ios
826 4549 1144 4628 homines,
1194 4552 1303 4629 qui
1352 4557 1576 4612 contra
1623 4566 1748 4611 nos
1795 4556 1859 4610 et
1904 4550 2390 4611 universitatem
2446 4555 2727 4610 vestram

2802 1430 2902 1470 1417

2773 1502 2864 1542 oizi.
2886 1500 2954 1541 28.
