3475 5200
1699 342 2090 396 ...130-

769 560 1064 624 secundo
1112 561 1214 623 die
1260 570 1642 640 octavarum
1690 561 1838 625 festi
1884 564 2057 626 beati
2092 562 2429 627 Michaelis
2474 564 2845 644 archangeli
2877 582 3019 644 pre·

771 668 1088 730 dictarum
1136 685 1312 732 anno
1358 667 1603 732 domini
1644 669 1984 732 millesimo
2017 669 2658 751 quadringentesimo
2704 671 3017 751 quinqua·

596 757 701 802 ¹⁴⁵⁸
771 775 1024 855 gesimo
1070 775 1276 838 tertio,

538 832 668 876 dect.
685 830 751 874 16.

987 952 1213 1014 Eredeti,
1258 953 1425 1018 papir,
1475 951 1746 1019 hatlapjaein
1799 951 2102 1020 ranyomott
2155 952 2337 1020 pecset
2390 952 2757 1006 toredekeivel.
2815 955 3017 1016 Lelesz‚

771 1046 1008 1093 actorum
1044 1043 1169 1093 anni
1212 1043 1362 1093 1453.
1403 1041 1495 1110 No
1513 1043 1599 1094 38.
1640 1041 1836 1094 Harom
1872 1044 2017 1109 helyt
2052 1044 2392 1095 kiszakadva.

1718 1366 2076 1429 CCXLVII.

1489 1616 1706 1695 Euda,
1755 1617 1951 1681 1454.
1988 1618 2139 1698 jan.
2186 1616 2296 1688 25.

772 1816 833 1869 V.
873 1814 1063 1867 Laszlo
1101 1812 1265 1879 kiraly
1303 1815 1619 1880 meghagyja
1655 1831 1687 1864 a
1724 1815 1904 1866 leleszi
1942 1815 2298 1877 konventnek‚
2337 1816 2483 1880 hogy
2530 1831 2562 1864 a
2607 1814 2821 1865 Szokoli
2869 1813 3015 1866 Peter

771 1915 830 1967 es
868 1914 1058 1966 Miklos
1105 1911 1164 1964 es
1210 1910 1405 1964 tirsaik
1451 1912 1571 1963 fistal
1618 1913 1940 1964 Brankovics
1988 1913 2208 1978 Gyorgy
2252 1911 2373 1964 riez
2422 1914 2677 1978 deszpota
2722 1913 3007 1963 kereszturi

826 2011 1066 2063 birtokim
1104 2012 1387 2077 elkovetett
1423 2008 1871 2062 bataimaskodasi
1910 2011 2125 2076 iigyben
2163 2008 2480 2076 vizsgalatot
2516 2006 2956 2075 foganatositson.

987 2177 1328 2240 Ladislaus
1398 2175 1498 2238 dei
1564 2176 1769 2255 gratia
1837 2174 2189 2254 Hungarie,
2267 2175 2601 2254 Bohemie‚
2671 2176 3007 2248 Dalmatie‚

772 2269 1030 2348 Croatie
1092 2293 1214 2346 etc.
1263 2301 1398 2360 rex,
1447 2283 1839 2362 Austrieque
1886 2289 1951 2344 et
1998 2280 2186 2346 Stirie
2219 2282 2376 2360 dux,
2409 2300 2668 2346 necnon
2722 2283 3006 2346 marchio

772 2392 1080 2468 Moravie‚
1127 2391 1428 2453 fidelibus
1454 2391 1690 2453 nostris
1722 2391 2073 2452 conventui
2103 2391 2373 2453 ecclesie
2400 2391 2482 2453 de
2514 2391 2706 2454 Lelez
2736 2391 3006 2454 salutem

770 2505 834 2560 et
877 2500 1169 2578 gratiam.
1220 2497 1589 2577 Exponitur
1634 2498 1826 2560 nobis
1873 2498 1937 2559 in
1986 2499 2285 2577 personis
2319 2498 2604 2561 fidelium
2639 2505 3005 2561 nostrorum

773 2606 1048 2669 Ladislai
1096 2605 1393 2685 Pathaky
1440 2606 1771 2667 castellani
1821 2606 2079 2668 illustris
2127 2606 2432 2687 principis
2480 2607 2725 2670 domini
2757 2606 3007 2685 Georgii

768 2714 997 2777 Rascie
1046 2714 1299 2794 despoti
1346 2731 1461 2794 per
1506 2732 1659 2776 eum
1708 2714 1773 2775 in
1820 2720 2037 2776 castro
2084 2732 2210 2777 suo
2260 2714 2517 2795 Thalya
2573 2722 2814 2777 vocato
2860 2731 3007 2777 con·

768 2823 968 2885 stituti
1016 2840 1096 2883 ac
1142 2821 1476 2883 Michaelis
1502 2821 1607 2882 filii
1641 2820 1959 2898 eiusdem,
1993 2821 2333 2901 quomodo
2366 2823 2534 2884 circa
2564 2821 2808 2885 festum
2840 2820 3005 2883 Nati-

766 2928 981 2990 vitatis
1029 2928 1271 2990 domini
1320 2928 1675 2991 novissime
1723 2928 2119 3009 preteritum,
2167 2928 2396 2991 Petrus
2463 2935 2529 2991 et
2573 2928 2884 2992 Nicolaus
2929 2929 3004 2989 de

770 3036 972 3100 Zokol
1031 3054 1318 3097 unacum
1375 3036 1694 3097 Michaele
1754 3036 1835 3098 de
1895 3035 2115 3113 Chwr‚
2166 3034 2505 3116 Stephano
2563 3043 2626 3098 et
2679 3035 2885 3098 Paulo
2929 3036 3006 3096 de

766 3146 997 3207 eadem
1062 3160 1142 3204 ac
1203 3142 1504 3205 Johanne
1593 3144 1674 3205 de
1741 3142 2060 3220 Chenew,
2154 3143 2456 3205 Emerico
2524 3143 2794 3217 literat0,
2870 3141 3004 3206 Ste-

766 3253 986 3331 phano
1036 3249 1260 3312 Kakas
1306 3255 1370 3311 et
1415 3250 1732 3331 Michaele
1783 3251 1863 3312 de
1916 3250 2337 3312 Arthanhaza
2391 3249 2810 3312 familiaribus
2860 3266 3008 3311 nec-

770 3376 901 3419 non
968 3357 1107 3419 aliis
1180 3357 1671 3436 quampluribus
1749 3360 2008 3438 populis
2074 3366 2137 3420 et
2204 3357 2656 3438 iobagionibus
2722 3356 3004 3435 ipsorum

766 3466 830 3527 in
855 3464 1386 3544 possessionibus
1420 3482 1647 3527 eorum
1671 3465 1881 3541 lbran,
1908 3464 2306 3542 Kereztbwt‚
2328 3465 2678 3541 Rakarnaz,
2719 3463 3005 3526 Zaboleh

767 3580 831 3635 et
896 3571 1091 3633 Balsa
1154 3572 1403 3633 vocatis
1468 3573 2046 3650 commorantibus,
2108 3572 2193 3634 ad
2253 3571 2744 3651 possessionem
2803 3571 3003 3651 ipsius

766 3678 1007 3741 domini
1058 3677 1315 3758 Georgii
1362 3677 1617 3758 despoti
1668 3678 2048 3741 Kerezthwr
2077 3681 2473 3759 appellatam
2507 3685 3007 3757 consequenter-

767 3803 895 3865 que
945 3786 1182 3848 domos
1238 3793 1300 3847 et
1349 3786 1563 3848 curias
1619 3786 2035 3865 quorundam
2095 3785 2361 3848 Osvaldi
2418 3785 2641 3848 literati
2701 3803 2781 3846 ac
2846 3784 3005 3847 Petri

767 3894 1049 3955 Zenthes
1098 3892 1504 3955 familiarium
1553 3893 1793 3955 scilicet
1842 3893 2132 3972 ipsorum
2180 3893 2648 3973 exponentium
2694 3891 2749 3954 is
2778 3892 3006 3953 eadem

767 4001 1149 4062 Kerezthwr
1193 4000 1609 4063 residentium
1644 4001 1949 4063 manibus
1981 4001 2244 4062 armatis
2276 4008 2339 4062 et
2371 3998 2770 4080 potentiariis
2802 4000 3008 4062 noctis

766 4107 826 4169 in
877 4108 1126 4170 silentio
1159 4125 1340 4169 more
1370 4107 1720 4187 predonico
1753 4107 2097 4183 veniendo,
2129 4107 2366 4169 ibidem
2400 4106 2749 4169 confractis
2781 4106 3008 4169 hostiis

767 4214 1266 4295 prescriptorum
1290 4213 1637 4276 domorum
1656 4214 2096 4277 antefatorum
2121 4213 2390 4276 Osvaldi
2418 4222 2481 4276 et
2507 4213 2671 4276 Petri
2703 4212 3003 4289 ZentheS‚

767 4337 1024 4382 necnon
1074 4320 1456 4383 scriniorum
1506 4321 1567 4382 in
1616 4321 1867 4383 eisdem
1899 4321 2290 4398 habitorum,
2340 4321 2420 4383 de
2469 4320 2717 4383 eisdem
2760 4320 3003 4383 scriniis

766 4427 1278 4506 quadringentos
1325 4430 1610 4491 florenos
1641 4429 1802 4505 auri,
1852 4429 2177 4490 ducentos
2219 4428 2446 4508 prefati
2482 4429 2751 4490 Osvaldi
2784 4427 3000 4489 literati

767 4535 1049 4614 reliquos
1097 4552 1254 4597 vero
1303 4536 1623 4598 ducentos
1672 4536 1960 4615 prelibati
2010 4536 2172 4598 Petri
2229 4535 2514 4599 Zenthes
2560 4536 2998 4607 abstulissent,
