3475 5200
1360 331 1753 388 —315-2-

432 559 647 617 vestre
679 553 1156 634 magnificentie
1204 553 1388 616 iuxta
1433 554 1875 635 possibilitatis
1906 571 2052 618 mee
2084 562 2148 618 et
2179 573 2409 619 eorum
2449 556 2691 643 ingenii

431 671 822 751 exigentiam
869 669 1384 751 procuravimus,
1434 668 1568 734 Sed
1598 671 1985 734 nullomodo
2011 672 2187 734 aliud
2218 671 2433 736 facere
2472 673 2689 753 potui-

431 805 605 856 mus,
629 787 784 866 quin
807 788 1080 850 omnino
1098 786 1280 850 iuxta
1325 786 1720 849 iudiciariam
1759 786 2356 851 determinationem
2388 788 2687 868 ipsormn

431 902 762 967 arbitrium
786 904 1010 967 omnia
1031 903 1203 966 dicta
1225 909 1460 983 utputa
1476 902 1748 967 Nicolao
1767 899 2209 983 Koppowygh
2232 920 2350 983 pro
2379 903 2690 985 thapecio

431 1020 476 1082 ss
522 1019 760 1082 XXXII
804 1019 1115 1083 'talimodo
1179 1028 1253 1083 ut
1316 1020 1371 1082 si
1424 1024 1644 1082 vestra
1689 1018 2172 1097 magnificentia
2218 1020 2414 1083 nollet
2463 1020 2686 1100 ipsum

432 1136 802 1220 thapeciam
841 1153 958 1217 pro
1004 1135 1203 1199 tantis
1249 1135 1543 1216 pecuniis
1590 1136 1902 1215 accipere,
1950 1142 2195 1199 extunc
2240 1134 2488 1198 reddita
2538 1136 2691 1216 ipsa

430 1250 753 1331 thapecia,
802 1251 974 1314 idem
1021 1250 1332 1314 Nicolaus
1379 1251 1694 1331 pecunias
1741 1252 1995 1314 solvere
2024 1257 2338 1314 teneatur.
2373 1252 2532 1314 Item
2564 1269 2690 1338 pro

433 1383 629 1429 croco
675 1366 887 1429 eidem
934 1368 980 1428 ss
1026 1367 1114 1443 V;
1166 1368 1320 1430 item
1368 1367 1627 1429 Thome
1669 1364 1995 1445 Balyntha
2024 1385 2141 1447 pro
2172 1366 2328 1430 vino
2369 1375 2434 1430 et
2461 1384 2693 1447 panno

434 1482 477 1545 ss
522 1482 684 1562 VIII,
731 1500 848 1563 pro
896 1483 1184 1563 piscibus
1240 1500 1528 1546 usonum
1577 1484 1619 1545 ss
1667 1482 1773 1560 VI,
1822 1482 2106 1545 mediam
2161 1490 2383 1545 autem
2432 1490 2687 1563 partem

432 1598 728 1660 videlicet
773 1599 1059 1664 similiter
1103 1601 1145 1662 ss
1189 1598 1276 1660 VI
1308 1599 1525 1661 Lucas
1563 1599 1891 1679 Kwthosy
1922 1599 2132 1678 solvit,
2181 1616 2298 1679 pro
2347 1600 2693 1662 asseribus

434 1714 478 1776 ss
536 1712 677 1792 17„
725 1714 899 1777 idem
945 1715 1161 1792 Lucas
1193 1715 1238 1776 ss
1289 1710 1408 1795 1¹J,
1444 1714 1654 1779 solvit.
1704 1715 1866 1777 Item
1915 1714 2207 1778 Gechew
2255 1716 2338 1777 de
2395 1715 2691 1794 quodam

437 1829 756 1893 Rasciano
820 1831 1070 1893 Pethak
1133 1839 1397 1911 vocato,
1459 1849 1741 1902 usonem
1789 1832 1977 1911 cepit,
2025 1848 2143 1912 pro
2209 1831 2444 1894 eodem
2493 1831 2537 1920 il
2585 1829 2690 1908 111,

433 1948 587 2010 item
653 1948 837 2027 equis
899 1947 1133 2010 Jowan
1181 1948 1263 2012 de
1310 1943 1645 2032 Bessen'ye
1691 1949 1736 2010 ss
1783 1946 1941 2025 VIII,
2006 1947 2195 2032 Petro
2263 1942 2500 2027 Chyga
2565 1963 2691 2040 pro

434 2062 658 2142 ordeo,
705 2081 906 2143 quem
950 2064 1268 2128 Martinus
1311 2064 1536 2127 Thoth
1581 2064 1866 2127 abstullit
1910 2063 1953 2125 fl
1996 2065 2021 2127 1
2053 2071 2116 2126 et
2163 2063 2447 2127 denariis
2478 2061 2683 2130 XXV.

435 2178 668 2243 Eidem
712 2179 1015 2243 dedimus
1046 2181 1091 2242 ss
1121 2179 1168 2260 Ι,
1216 2180 1581 2262 dispositori
1614 2198 2012 2259 mensarum,
2047 2197 2199 2243 cum
2232 2197 2365 2259 quo
2397 2177 2697 2242 Gechew

435 2296 586 2366 fecit
630 2296 886 2377 disponi
932 2296 976 2359 ss
1023 2296 1052 2359 1
1095 2295 1397 2360 dedimus
1444 2297 1747 2361 denarios
1791 2298 1927 2361 LX.
1975 2295 2354 2377 Stephanus
2397 2296 2695 2360 literatus

435 2412 517 2475 de
563 2409 832 2475 Simone
878 2412 1027 2476 Biro
1074 2413 1244 2493 cepit
1289 2431 1493 2475 unam
1539 2415 1907 2493 chysmam,
1950 2412 2161 2476 eidem
2209 2411 2358 2474 den.
2408 2411 2478 2474 L·.
2530 2410 2689 2474 Vin·

435 2529 649 2591 centio
704 2529 952 2610 Warga
996 2529 1084 2592 ad
1128 2531 1652 2608 conventionem,
1718 2527 2010 2592 Gechew
2072 2546 2190 2611 pro
2254 2527 2689 2609 dispositione

434 2647 650 2709 vassis
695 2662 985 2709 usonum
1031 2647 1073 2708 ss
1120 2647 1165 2722 1,
1201 2630 1646 2727 Czethko‘pro
1687 2663 1912 2728 panno
1939 2619 2005 2709 et
2034 2664 2170 2709 una
2200 2646 2484 2726 chyzma
2502 2660 2695 2724 *quos

436 2756 815 2842 Stephanus
877 2760 1164 2825 literatus
1211 2762 1474 2825 abstulit
1529 2762 1572 2824 ss
1620 2760 1720 2840 V.,
1769 2760 2101 2826 Demetrio
2162 2761 2505 2826 Ewthwes
2569 2777 2696 2841 pro

436 2874 571 2940 una
655 2880 841 2959 frena
928 2878 1172 2942 domini
1250 2894 1448 2958 quem
1525 2879 1895 2942 secundum
1974 2879 2475 2941 conventionem
2569 2893 2697 2965 pro

438 3011 573 3057 uno
619 2995 694 3089 ss..
731 2994 885 3056 fecit
912 2993 1228 3072 deaurari,
1276 2993 1577 3058 dedimus
1624 2995 1667 3057 ss
1715 2987 1825 3077 ¹l2.
1875 2994 2225 3074 Wokasyn
2272 2993 2429 3055 dixit
2483 3009 2691 3073 unam

439 3109 689 3174 frenam
755 3128 870 3192 per
931 3109 1341 3191 Stephanum
1387 3111 1758 3201 ,litteratum
1804 3129 1845 3172 a
1891 3128 1963 3172 se
2013 3117 2364 3191 receptum,
2437 3108 2556 3171 sed
2605 3090 2695 3203 eit

439 3218 572 3308 quo
621 3244 755 3290 non
801 3225 1031 3289 iuravit
1077 3245 1211 3290 non
1276 3228 1630 3304 solvimus;
1696 3228 1927 3290 Petrus
1992 3221 2411 3305 Mersowffigh
2475 3218 2693 3287 unum

438 3360 734 3423 porcum,
785 3344 903 3406 sed
950 3342 1236 3425 similiter
1281 3343 1421 3423 ipse
1467 3360 1601 3406 non
1649 3343 1903 3422 iuravit,
1945 3359 2100 3423 ergo
2142 3360 2277 3405 non
2335 3341 2692 3415 solvimus,;

438 3476 556 3539 pro
602 3459 925 3522 lodicibus
970 3458 1269 3529 dedimus
1316 3458 1360 3520 ss
1405 3459 1466 3521 X
1513 3466 1579 3521 et
1623 3459 1944 3522 solvimus
1995 3465 2058 3522 et
2105 3458 2199 3521 sic
2245 3458 2402 3538 ipsis
2434 3440 2697 3519 civibus

439 3576 812 3639 seeundum
856 3575 1292 3639 iuramentum
1339 3582 1404 3637 et
1433 3575 1834 3655 probabilem
1882 3575 2353 3638 documentum
2400 3574 2693 3654 ipsorum

440 3708 564 3771 ego
626 3691 870 3755 Paulus
939 3691 1260 3755 Horwath
1333 3691 1618 3755 satisfeci
1672 3692 1947 3772 propriis
2010 3692 2175 3755 meis
2230 3690 2561 3755 sumtibus
2625 3694 2693 3749 et

443 3807 883 3888 expensisque
929 3808 1317 3870 contentavi.
1354 3807 1507 3871 Ideo
1539 3807 1838 3888 supplico
1869 3814 2208 3887 tamquam
2239 3806 2511 3869 domino
2539 3817 2698 3867 meo
2876 3888 2882 3896 ⁴

442 3923 750 4003 gratiose,
797 3924 1106 4002 quatinus
1151 3923 1310 3986 istas
1351 3924 1664 4004 pecunias
1694 3923 2045 3989 simulcum
2082 3922 2340 3987 sallario
2372 3921 2697 3984 remittere

443 4040 778 4119 dignetur.·
811 4037 1122 4103 Ceterum
1163 4039 1382 4103 relicta
1438 4039 1720 4102 condam
1769 4038 2063 4119 Balabay
2112 4038 2463 4107 nonnullas
2519 4035 2697 4114 regie

445 4154 765 4218 maiestati
810 4155 962 4218 fecit
1005 4156 1445 4235 querimonias
1491 4155 1578 4217 ob
1624 4172 1761 4218 non
1824 4154 2216 4217 solutionem
2280 4151 2696 4232 quarundam

445 4288 683 4351 rerum,
731 4270 814 4343 de
861 4271 1100 4351 quibus
1144 4273 1346 4336 rebus
1390 4272 1636 4335 litteras
1668 4271 2107 4358 preceptor-ias
2135 4269 2309 4357 regie
2337 4266 2701 4331 maiestatis

446 4394 661 4450 vestre
702 4388 1182 4468 magnificentie
1215 4395 1547 4453 sonantes
1597 4387 1802 4466 duxit,
1835 4405 2003 4467 quas
2033 4385 2472 4468 preceptorias
2502 4383 2701 4448 simul

447 4513 510 4566 et
538 4504 664 4566 alia
708 4504 1017 4580 universa
1061 4503 1328 4584 registra
1373 4504 1925 4583 querimoniarum
1961 4520 2077 4583 per
2106 4504 2289 4580 hunc
2317 4500 2699 4564 familIarem
