3475 5200
494 2200 581 2256 5111.
603 2200 673 2244 21.

500 2417 590 2469 itil.
604 2419 674 2462 22.

499 3065 585 3121 jau.
601 3067 668 3111 aa.

1657 353 2047 407 -203..

1580 701 1587 710 ·
1649 680 2072 745 CCLXXVII.

1252 855 1866 941 Ncindorfeje'rvcir,
1915 858 2112 926 1456.
2153 858 2286 943 jail.
2333 861 2441 926 24.

726 1016 972 1083 Hunyadi
1011 1016 1182 1070 Janos
1218 1019 1383 1070 levele
1431 1019 1585 1070 Garai
1633 1018 1825 1072 Laszlo
1863 1018 2153 1084 nddorhoz,
2210 1023 2455 1088 melyben
2500 1019 2646 1088 leirja
2682 1041 2713 1074 a
2749 1022 2970 1076 nandor·

1520 1107 1763 1174 fejervari
1800 1103 2186 1177 esemenyeket.

939 1228 1285 1309 Magnifice
1359 1230 1619 1293 domine
1695 1230 1886 1293 nobis
1964 1231 2367 1295 honorande.
2445 1231 2783 1296 Novitates
2848 1235 2972 1296 has

725 1336 1146 1400 dominationi
1192 1345 1407 1401 vestre
1472 1338 1749 1401 scribere
1796 1355 2179 1418 possumus,
2246 1340 2558 1419 quoniam
2622 1341 2971 1420 imperator

724 1442 1136 1507 Thurcorum
1187 1462 1338 1507 cum
1386 1462 1510 1508 sua
1556 1445 1772 1508 valida
1801 1445 2090 1525 potentia
2136 1453 2201 1508 et
2248 1464 2401 1509 cum
2433 1448 2761 1510 nonnullis
2794 1449 2971 1527 inge-

722 1553 843 1615 niis
890 1551 975 1614 ad
1022 1552 1536 1633 expugnandum
1570 1560 1858 1615 castrum
1902 1552 2445 1617 Nandoralbense
2472 1563 2766 1632 venerat3
2816 1573 2971 1618 cum

722 1659 895 1738 quali
961 1645 1133 1721 enirn
1197 1677 1422 1739 pugna
1487 1667 1551 1723 et
1614 1660 1889 1739 ingeniis
1952 1667 2239 1738 venerat,
2312 1679 2652 1742 nunquam
2734 1664 2972 1726 oculus

718 1766 1003 1830 hominis
1048 1765 1203 1828 vidit
1249 1784 1370 1830 nec
1425 1774 1644 1829 mente
1711 1767 1993 1847 cogitare
2040 1769 2269 1849 potuit.
2336 1768 2407 1831 In
2470 1776 2728 1832 tantum
2793 1770 2969 1833 enim

718 1879 1005 1936 castrum
1024 1891 1141 1954 per
1161 1874 1328 1936 ictus
1348 1874 1855 1937 bombardarum
1875 1875 2210 1952 destruxit,
2233 1876 2411 1955 quod
2437 1876 2653 1955 ipsum
2679 1885 2968 1939 castrum

715 1998 850 2045 non
916 1987 1202 2043 castrum
1268 1981 1386 2044 sed
1451 1999 1759 2061 campum
1809 1981 2020 2044 dicere
2077 1999 2461 2063 possumuS,
2528 1985 2705 2062 quod
2752 2001 2969 2064 usque

714 2088 801 2152 ad
842 2095 1081 2151 terram
1137 2106 1366 2151 murus
1430 2090 1620 2151 castri
1685 2094 1786 2151 est
1851 2088 2242 2152 destructus.
2293 2088 2592 2152 Tandem
2658 2090 2814 2153 feria
2864 2091 2967 2153 [III

713 2198 1005 2278 proxime
1030 2197 1328 2277 preterita
1352 2203 1501 2276 post
1534 2196 1765 2259 horam
1789 2213 2212 2276 vesperarum
2238 2197 2408 2260 circa
2432 2183 2651 2276 ipsum
2677 2205 2965 2261 castrum

715 2312 1030 2367 sturmam
1091 2304 1451 2367 mirabiliter
1505 2304 1800 2366 fecerunt
1864 2306 1926 2366 in
1994 2310 2271 2382 tantum,
2338 2305 2518 2384 quod
2581 2323 2695 2386 per
2758 2313 2964 2369 totam

715 2419 974 2475 noctem
1022 2421 1087 2475 et
1134 2411 1358 2474 seriam
1405 2412 1699 2492 quintam
1746 2430 1959 2491 usque
2005 2413 2091 2474 ad
2138 2413 2367 2475 horam
2415 2413 2662 2494 prandii
2710 2412 2964 2477 duravit

715 2520 820 2599 ita,
888 2527 961 2583 ut
1017 2519 1079 2582 in
1137 2519 1353 2582 medio
1410 2519 1600 2582 castri
1648 2520 1910 2582 duabus
1956 2519 2225 2582 vicibus·
2265 2537 2556 2601 pugnam
2605 2537 2759 2582 cum
2805 2522 2963 2602 ipsis

714 2630 1068 2691 habuimus
1112 2636 1451 2708 tamquam
1500 2630 1564 2691 in
1610 2646 1748 2690 uno
1795 2644 2052 2708 campo,
2101 2628 2403 2690 Tandem
2451 2636 2633 2690 extra
2672 2636 2959 2691 castrum

714 2739 798 2798 ad
845 2737 1025 2816 ipsos
1071 2736 1393 2813 irruimuS,
1428 2753 1580 2797 cum
1627 2735 1869 2814 quibus
1915 2735 2000 2797 ad
2048 2752 2195 2799 sero
2243 2753 2534 2816 pugnam
2582 2736 2956 2812 habuimuS,

711 2844 1059 2923 ipsumque
1104 2843 1555 2923 imperatorem
1588 2841 2005 2905 Thurcorum
2052 2843 2133 2904 de
2182 2842 2553 2923 supradicto
2584 2851 2799 2906 castro
2831 2844 2957 2905 deo

708 2951 1056 3012 auxiliante
1093 2934 1450 3027 'eiecimus
1501 2966 1864 3029 omnesque
1929 2950 2325 3013 bombardas
2391 2956 2452 3011 et
2518 2949 2776 3029 ingenia
2831 2968 2956 3012 sua

708 3057 1129 3136 obtinuimuS,
1179 3059 1448 3139 ipseque
1488 3060 1693 3135 soluS,
1743 3077 1896 3121 cum
1928 3058 2168 3138 quibus
2198 3059 2528 3135 remansit,
2579 3059 2737 3121 feria
2768 3066 2954 3121 sexta

707 3166 788 3228 de
837 3173 1028 3228 nocte
1076 3167 1137 3228 in
1187 3165 1410 3246 sugam
1479 3182 1841 3228 conversus
1888 3173 1951 3227 et
1997 3165 2369 3228 destructus
2425 3168 2759 3229 convertit.
2828 3166 2950 3229 Pro

704 3290 785 3336 eo
852 3274 904 3336 si
968 3274 1199 3353 aliquis
1273 3274 1357 3335 ad
1424 3290 1695 3353 presens
1771 3280 1996 3335 contra
2069 3273 2285 3353 ipsum
2351 3273 2807 3353 imperatorem
2873 3291 2946 3336 se

704 3399 968 3444 movere
1000 3381 1466 3443 exercitualiter
1487 3382 1746 3457 vellent,
1783 3386 2026 3442 extunc
2058 3398 2398 3459 nunquam
2428 3380 2638 3442 lenius
2671 3398 2943 3460 regnum

703 3507 901 3551 suum
932 3489 1218 3551 obtinere
1250 3495 1522 3569 possent
1571 3489 1738 3550 sicut
1771 3489 1854 3549 ad
1893 3505 2184 3569 presens,
2233 3487 2337 3549 Ex
2383 3504 2516 3566 quo
2564 3489 2947 3567 principales

701 3604 765 3659 et
813 3598 1120 3676 capitales
1166 3606 1395 3675 gentes
1443 3613 1563 3658 sue
1611 3601 1674 3657 et
1722 3596 2052 3675 signanter
2118 3595 2368 3675 pedites
2418 3601 2574 3657 sunt
2619 3596 2943 3675 deperdite

700 3711 914 3766 castro
979 3703 1351 3783 supradicto
1416 3702 1693 3782 dictique
1759 3701 2009 3782 pedites
2074 3702 2279 3782 ipsius
2343 3702 2767 3782 imperatori5‚
2835 3702 2940 3783 qui

697 3812 859 3874 alias
907 3830 1066 3875 suas
1114 3819 1345 3893 gentes
1392 3811 1814 3892 prevalebant
1859 3811 2046 3890 quasi
2113 3810 2380 3873 omnino
2447 3816 2600 3872 sunt
2654 3810 2940 3875 annichi-

695 3921 820 3982 lati.
887 3920 1159 3998 Nosque
1207 3936 1358 3980 cum
1416 3920 1672 3999 proprio
1719 3919 1929 3998 capite
1978 3923 2202 3981 nostro
2249 3918 2313 3979 in
2363 3918 2505 3996 ipso
2552 3925 2770 3980 castro
2820 3917 2937 3979 fui-

695 4047 844 4091 mus
875 4035 1167 4108 tempore
1200 4027 1697 4106 expugnationis
1727 4037 1789 4088 et
1822 4026 1905 4087 ab
1939 4027 2043 4088 illa
2074 4026 2196 4102 die,
2232 4044 2363 4104 qua
2394 4026 2613 4105 ipsum
2652 4032 2937 4088 castrum

694 4139 1043 4200 obsessum
1111 4134 1248 4197 fuit.
1314 4133 1496 4196 Multi
1562 4135 1732 4196 enim
1798 4152 1880 4195 ex
1948 4133 2368 4195 familiaribus
2434 4138 2497 4194 et
2560 4132 2935 4194 hominibus

691 4244 928 4307 nostris
975 4242 1290 4305 vulnerati
1339 4249 1402 4304 et
1448 4242 1641 4320 aliqui
1674 4242 1909 4303 mortui
1943 4248 2113 4303 sunt.
2162 4237 2292 4302 Sed
2338 4247 2558 4302 tamen
2607 4239 2733 4302 deo
2782 4257 2934 4302 con-

691 4352 981 4427 cedente,
1049 4367 1388 4429 nunquam
1454 4367 1630 4412 unus
1694 4350 2041 4429 imperator
2087 4346 2501 4410 Thurcorum
2558 4345 2638 4408 de
2698 4362 2930 4426 campo

689 4477 842 4522 cum
887 4464 1069 4521 tanta
1112 4458 1507 4520 verecundia
1553 4475 1626 4519 se
1675 4457 1738 4519 in
1786 4457 2010 4537 fugam
2060 4455 2374 4518 convertit
2421 4455 2589 4516 sicut
2619 4455 2741 4518 iste
2772 4461 2927 4516 tam-

686 4585 886 4647 quam
934 4565 1323 4640 debellatus;
1389 4582 1503 4645 per
1558 4582 1829 4645 presens
1899 4564 2071 4626 enim
2140 4582 2293 4625 cum
2340 4563 2541 4642 galeis
2587 4578 2817 4625 eorum
2862 4559 2923 4620 in
