3475 5200
1400 395 1648 452 -227
1723 425 1786 437 -

464 621 725 701 proprio
789 620 912 683 che
960 619 1028 682 fo
1074 618 1137 682 16
1182 625 1350 683 totta
1412 615 1518 681 del
1565 614 1834 681 Turcho
1891 637 1933 680 6
1991 619 2221 699 Belgra
2272 611 2406 701 [do]
2455 669 2467 681 ,
2519 669 2531 681 .
2583 673 2595 685 ,
2643 669 2655 685 ,
2707 673 2723 693 ,

470 769 1702 791 ...................
1771 722 2119 788 Facendoli
2169 729 2557 809 compagnifl
2603 749 2723 793 666

466 837 753 916 signoria
814 832 881 913 (il
926 834 1096 916 doge
1144 834 1208 897 di
1254 827 1563 912 Venezia)
1628 848 1735 894 me
1800 831 1996 909 disse,
2044 831 2166 895 che
2221 834 2286 896 lo
2340 833 2723 917 imperatore

467 962 509 1007 e
572 961 640 1007 re
704 942 787 1005 de
852 940 1191 1022 Ungharia
1265 957 1389 1004 son
1465 939 1752 1002 acordati
1817 938 2109 1018 insieme,
2187 958 2224 1003 e
2288 945 2599 1005 mandato
2663 949 2723 1009 61

472 1058 667 1115 conte
732 1050 815 1113 de
880 1048 1018 1112 Cilli
1065 1051 1187 1113 che
1235 1047 1547 1113 obedisca
1604 1046 1770 1109 ch’el
1817 1046 1854 1109 ὲ
1901 1065 2035 1110 una
2083 1049 2261 1111 bona
2307 1053 2563 1113 novella
2611 1073 2723 1133 per

468 1160 601 1223 ben
648 1174 880 1241 posset
924 1157 1256 1220 attendere
1305 1162 1532 1219 contra
1575 1154 1839 1218 Turchi.
1893 1154 2046 1219 Dise
2083 1156 2227 1219 chel
2253 1158 2439 1222 crede
2483 1177 2723 1221 ancora

468 1268 535 1329 10
581 1265 937 1347 parentado
985 1263 1045 1326 d’
1087 1282 1223 1326 una
1269 1264 1441 1344 figlia
1490 1264 1591 1326 del
1638 1280 1706 1326 re
1755 1262 1817 1326 di
1865 1261 2139 1326 Franzia
2187 1282 2303 1346 per
2348 1268 2523 1329 daria
2571 1289 2607 1329 6
2659 1285 2723 1329 re

465 1374 554 1438 de
601 1373 939 1455 Ungharia
984 1370 1233 1435 andare
1278 1372 1511 1434 inanze
1557 1418 2719 1437 ..................

687 1605 993 1684 VenetiiS,
1041 1607 1100 1667 4.
1150 1604 1527 1669 Decembris
1574 1604 2107 1669 M⁰CCCC⁰LVIL
2803 1585 2903 1625 ¹⁴5³*

2767 1657 2891 1701 dem.
2915 1661 2956 1697 4.

1516 1767 1947 1831 illustrissime
2006 1768 2467 1832 dominationis
2515 1777 2723 1833 vestre

1576 1875 1850 1938 servitor
1896 1875 2238 1938 marchese
2286 1875 2367 1939 de
2415 1877 2679 1937 Varese.

689 2054 933 2118 Kiviil:
980 2053 1411 2119 Serenissimo
1459 2056 1726 2138 principi
1775 2062 1840 2118 et
1886 2056 2427 2119 excellentissimo
2463 2057 2727 2117 domino

464 2163 623 2227 duci
702 2162 1051 2226 Mediolani
1125 2170 1245 2227 etc.
1313 2164 1506 2244 Papie
1571 2163 2005 2243 Anglerieque
2088 2162 2326 2241 comiti,
2411 2165 2723 2225 Cremonae

467 2271 764 2349 domino,
813 2270 1085 2334 domino
1134 2288 1283 2334 meo
1331 2270 1845 2351 singularissimo
1892 2278 2014 2333 etc,

690 2436 905 2489 Milanoi
943 2425 1002 2490 Ᾱ.
1042 2438 1101 2491 L.
1140 2438 1195 2491 P.
1235 2436 1292 2490 E.
1333 2433 1625 2505 V(enezia).

1484 2763 1733 2828 CCCX.

1195 2979 1416 3060 Bada,
1463 2975 1660 3042 1458.
1700 2979 1852 3059 jan.
1901 2975 2010 3040 23.

469 3175 730 3226 Thomasi
767 3172 915 3225 Peter
967 3170 1403 3238 kovetjelentese:
1462 3168 1669 3238 Minyis
1717 3168 1975 3238 kirfflylyd
2010 3168 2324 3233 vilasztzism
2379 3174 2531 3223 toffik
2587 3190 2727 3226 muz*

1299 3264 1506 3328 galmak
1543 3276 1607 3311 az
1645 3257 1907 3312 Aldunen.

693 3426 1120 3491 Serenissime
1168 3427 1468 3506 princeps
1516 3433 1636 3489 etc.
1705 3426 1767 3487 A
1823 3425 1889 3489 di
1933 3425 2068 3488 VIII
2119 3427 2221 3490 del
2268 3438 2535 3507 passam
2583 3446 2623 3486 6
2671 3430 2731 3489 la

471 3534 855 3598 celsitudine
902 3539 1126 3596 vostra
1173 3534 1255 3596 de
1300 3541 1437 3597 tute
1486 3551 1680 3597 cosse
1746 3543 2091 3596 occorente
2161 3534 2369 3614 degne
2419 3534 2499 3598 de
2555 3534 2731 3594 66νὶ-
2755 3514 2960 3626 Ἑὲ-ΞΕ-

474 3643 729 3705 satione
775 3641 1022 3721 scripsi,
1070 3643 1130 3704 le
1176 3643 1328 3722 qual
1371 3643 1592 3707 lettere
1658 3640 1924 3703 mandai
1987 3659 2103 3720 per
2149 3639 2419 3704 Stefano
2467 3642 2731 3702 ΤΜ-6116

472 3750 701 3828 corier,
753 3747 832 3810 ne
880 3749 967 3810 da
1013 3750 1122 3828 poi
1170 3750 1257 3811 mi
1306 3767 1342 3811 e
1389 3755 1561 3812 stato
1607 3749 1921 3829 possibile
1969 3749 2196 3811 drezar
2244 3749 2370 3812 mie
2401 3750 2599 3811 littere
2651 3750 2731 3810 ad

473 3857 539 3918 la
582 3856 911 3923 sublimit&
941 3864 1166 3919 vostra
1210 3874 1325 3937 per
1371 3862 1835 3919 mancamento
1884 3855 1965 3919 de
2014 3856 2214 3919 messi
2246 3873 2447 3919 oveto
2479 3858 2727 3930 66ι-ἱ6τὶ;

474 3965 811 4047 presertim
857 3981 971 4044 per
1001 3966 1064 4026 16
1109 3980 1280 4043 poca
1326 3964 1592 4043 segurte
1621 3963 1701 4025 de
1746 3964 1806 4027 le
1834 3964 1958 4041 vie,
2007 3981 2116 4026 ma
2164 3963 2326 4026 hora
2356 3982 2467 4044 per·
2501 3974 2731 4042 questo

471 4074 798 4150 cavalaro,
875 4073 1066 4150 quale
1134 4070 1381 4134 mando
1447 4070 1532 4132 ad
1596 4072 1661 4133 16
1724 4071 2104 4133 celsitudine
2170 4075 2392 4132 vostra
2455 4082 2515 4132 et
2581 4074 2731 4134 trien

472 4196 631 4242 cum
677 4180 851 4242 bona
893 4185 1109 4241 scorta
1141 4179 1223 4241 de
1271 4185 1414 4241 tuto
1448 4178 1954 4259 compitamente
2001 4180 2061 4240 la
2111 4175 2383 4240 rendero
2415 4178 2727 4238 advisata.

690 4285 775 4349 Et
818 4287 1028 4366 primo
1096 4287 1267 4350 circa
1328 4287 1392 4348 la
1462 4286 1964 4367 congregatione
2013 4283 2310 4355 ordinata
2375 4302 2563 4348 come
2623 4306 2735 4366 per

470 4392 642 4456 dicte
676 4393 805 4456 mie
836 4393 993 4457 dissi
1040 4411 1080 4455 a
1126 4395 1190 4455 16
1231 4393 1401 4457 festa
1432 4393 1513 4457 de
1546 4396 1609 4456 16
1640 4392 2133 4457 circumcisione
2170 4410 2286 4473 per
2314 4394 2376 4456 16
2415 4394 2731 4454 6161611666
2767 4410 2849 4462 μη
2899 4410 2964 4450 Η,

468 4499 557 4562 (16
606 4518 783 4565 novo
830 4519 896 4564 re
946 4508 1067 4563 ect.
1102 4502 1230 4564 ben
1279 4504 1402 4565 che
1450 4503 1513 4564 61
1562 4502 1734 4565 dicto
1775 4508 2083 4577 termene,
2130 4500 2348 4580 quise
2380 4502 2731 4562 6661661666

473 4608 537 4670 16
602 4608 809 4671 maior
871 4615 1056 4689 parte
1114 4610 1216 4673 dei
1274 4608 1517 4690 prelati,
1584 4609 1812 4671 baroni
1878 4615 1941 4672 et
2004 4609 2463 4672 zentilhomeni
2531 4610 2735 4686 regni-

2443 4730 2535 4782 15-
