3475 5200
1679 301 2071 355 ...120-

751 518 1132 583 banderiurn
1198 521 1284 583 ad
1349 521 1668 601 premissa
1733 521 2107 603 peragenda
2152 537 2306 586 cum
2352 523 2511 604 ipsis
2555 523 2696 585 aliis
2760 523 3001 586 nostris

749 624 1052 690 fidelibus
1121 627 1476 691 transmisit
1549 626 1783 708 pariter
1859 635 1922 692 et
1999 628 2243 706 direxit,
2321 629 2466 711 ipso
2537 631 2683 693 solo
2745 632 3002 712 propria

750 733 992 798 scilicet
1065 751 1191 798 sua
1266 735 1330 798 in
1407 752 1692 816 persona
1755 752 1909 799 cum
1973 737 2232 817 reliquis
2300 737 2441 800 suis
2506 738 2812 818 gentibus
2880 755 2999 818 pro

752 842 1246 906 conservatione
1292 851 1359 906 et
1401 844 1877 924 gubernatione
1922 851 2149 925 portus
2195 845 2402 925 ipsius
2466 845 2748 909 Danubii
2793 863 3000 909 rema·

751 957 966 1026 neme,
1034 950 1249 1014 medio
1313 957 1535 1014 autem
1581 957 1877 1032 tempore
1923 951 2089 1014 infra
2134 951 2375 1016 scilicet
2421 953 2781 1015 eorundem
2845 954 2998 1016 alio-

751 1075 895 1119 rum
960 1056 1249 1121 fidelium
1295 1066 1668 1122 nostrorum
1715 1059 2005 1122 habitam
2052 1061 2509 1137 reversionem,
2557 1059 2696 1141 ipse
2741 1060 3000 1124 Franko

754 1163 968 1226 banus
1037 1181 1191 1227 cum
1256 1164 1501 1229 eisdem
1564 1166 1871 1246 gentibus
1936 1166 2075 1229 suis
2140 1184 2369 1230 secum
2434 1167 2801 1248 constitutis
2861 1185 2999 1232 ver-

754 1287 873 1332 sus
949 1278 1237 1334 castrum
1314 1271 1717 1335 Galambocz
1795 1280 2243 1353 supratactum
2328 1275 2706 1354 preceden5‚
2789 1282 3000 1338 totum

755 1377 1138 1441 territorium
1178 1397 1258 1441 ac
1288 1380 1630 1443 universas
1674 1381 1860 1444 villas
1906 1388 1969 1443 et
2020 1381 2433 1459 pertinentias
2474 1382 2769 1446 eiusdem
2811 1384 2999 1445 castri

755 1501 912 1565 erga
974 1503 1215 1549 manus
1280 1487 1598 1550 dictorum
1645 1488 2013 1551 Turcorurn
2062 1488 2340 1566 habitas,
2389 1489 2590 1552 modo
2657 1507 2774 1570 per
2837 1490 2999 1570 ignis

756 1594 1156 1673 voraginem,
1189 1596 1391 1659 modo
1434 1612 1592 1658 vero
1640 1612 1756 1677 per
1800 1596 1926 1657 alia
1956 1595 2436 1659 desolationum
2462 1613 2706 1676 genera
2734 1614 3001 1678 prorsus

755 1698 1081 1764 devastari
1111 1710 1174 1764 et
1207 1702 1536 1768 anichilari
1582 1703 1850 1767 fecisset
1881 1705 2050 1766 maie
2060 1704 2206 1765 stati
2235 1710 2458 1766 nostre
2504 1712 2570 1767 et
2614 1721 2799 1767 sacre
2827 1705 3001 1784 regni

757 1810 961 1872 nostri
1010 1809 1341 1891 Hungarie
1390 1828 1631 1874 corone
1686 1817 1871 1891 grata
1926 1819 1993 1873 et
2053 1810 2414 1874 admodum
2468 1811 2765 1892 proficua
2809 1812 2877 1874 in
2921 1830 2999 1875 eo

758 1917 1076 1998 obsequia
1121 1918 1510 1981 exhibendo,
1560 1918 1843 1982 Peractis
1890 1918 2110 1998 itaque
2156 1919 2376 1981 votive
2422 1919 2734 1981 omnibus
2766 1927 2830 1982 et
2876 1920 3000 1982 sin·

755 2025 925 2106 gulis
962 2026 1318 2107 premissiS‚
1352 2026 1539 2089 dictis
1570 2043 1833 2106 quoque
1862 2027 2085 2107 galleis
2116 2044 2237 2090 seu
2269 2027 2553 2089 novibus
2584 2026 2821 2107 pariter
2850 2044 2999 2089 cum

762 2141 977 2197 castro
1011 2134 1370 2197 Crusowcz
1389 2140 1680 2213 pretacto
1713 2134 1880 2213 ignis
1913 2134 2213 2197 incendio
2237 2151 2506 2216 prorsus
2543 2141 2607 2196 et
2639 2151 2755 2214 per
2785 2134 3002 2197 omnia

759 2259 874 2320 per
919 2249 1247 2321 pretactos
1295 2249 1557 2305 nostros
1603 2241 1829 2305 fideles
1879 2242 2243 2305 combustis
2298 2249 2363 2304 et
2417 2241 2796 2320 anichilatis,
2844 2241 3000 2305 dum

760 2349 951 2411 iidem
997 2350 1424 2429 postmodum
1468 2366 1702 2412 versus
1750 2349 2003 2430 propria
2050 2349 2278 2412 reverti
2326 2356 2391 2412 et
2445 2348 2819 2412 Danubium
2864 2366 3000 2430 pre-

759 2463 1005 2519 tactum
1045 2456 1383 2519 viceversa
1412 2456 1827 2520 transfretare
1860 2457 2236 2526 voluissent,
2269 2458 2536 2520 tandem
2569 2456 2727 2537 ipsis
2772 2456 3001 2520 Turcis

762 2564 1078 2645 premissa
1142 2563 1344 2628 modo
1410 2564 1629 2645 previo
1695 2570 1930 2645 pacata
1992 2563 2405 2627 audientibus
2474 2549 3001 2644 ⁴quibusdamque

763 2666 1073 2734 'velociter
1119 2672 1532 2752 congregatis
1577 2672 1640 2736 e't
1687 2673 1961 2735 eosdem
2018 2679 2280 2735 nostros
2327 2671 2555 2735 fideles
2602 2672 3001 2752 insequendo

763 2779 827 2842 in
875 2780 1187 2861 ipsosque
1233 2781 1362 2843 iam
1411 2782 1474 2843 in
1522 2790 1712 2861 portu
1760 2780 2040 2844 Danubii
2088 2781 2501 2858 constitutOS,
2548 2797 2626 2841 ac
2672 2780 2736 2842 in
2783 2778 3003 2842 maiori

764 2875 945 2967 parte
991 2887 1208 2969 ipsum
1257 2888 1632 2952 Danubium
1681 2889 2160 2965 transvadatOS,
2209 2894 2271 2949 et
2331 2905 2370 2949 a
2428 2904 2576 2951 sese
2624 2887 2866 2950 divisos
2911 2886 3001 2949 in-

763 2994 1153 3059 vadentibus
1200 2997 1391 3060 iidem
1439 2997 1638 3060 nostri
1686 2996 1934 3075 fideleS,
1969 2997 2130 3058 inter
2163 3013 2333 3074 quos
2379 2996 2573 3057 etiam
2606 3002 3002 3057 memoratus

763 3101 1023 3165 Franko
1067 3103 1284 3167 banus
1349 3104 1562 3166 fuerat
1624 3103 2043 3184 personaliter
2106 3103 2520 3179 constitutus,
2557 3101 2644 3163 ad
2675 3101 2876 3164 instar
2914 3101 3002 3163 di-

764 3208 1029 3290 scipline
1077 3211 1359 3274 militaris
1407 3211 1847 3275 strennuitatis
1906 3218 2239 3291 resumpta
2295 3209 2571 3272 audacia
2617 3215 2843 3272 contra
2888 3224 3003 3271 eos

766 3317 1280 3398 progrediuntur,
1329 3319 1684 3398 habitoque
1732 3325 1962 3381 mutuo
2009 3334 2371 3397 congressu
2416 3317 2664 3379 eisdem
2710 3321 3003 3397 potenter

764 3425 1092 3504 resistunt,
1114 3427 1380 3490 demum
1391 3444 1660 3507 quoque
1680 3426 1893 3489 cuncti
1914 3425 2194 3505 potentis
2219 3424 2619 3505 suffragante
2630 3423 2858 3486 dextra
2879 3423 3003 3503 opi·

764 3532 924 3610 ficis,
972 3533 1132 3596 dum
1178 3532 1369 3599 iidem
1416 3533 1611 3597 -Turci
1660 3533 1892 3597 fortem
1925 3541 2149 3596 contra
2180 3549 2253 3595 se
2284 3531 2607 3595 dictorum
2635 3537 3001 3593 nostrorum

767 3638 1056 3703 fidelium
1084 3640 1396 3704 insultum
1425 3659 1711 3723 vergere,
1734 3658 2057 3719 suamque
2077 3647 2306 3703 contra
2333 3639 2604 3703 eosdem
2642 3653 3002 3717 repugnan-

762 3754 895 3810 tem
941 3750 1300 3829 potentiam
1346 3750 1605 3829 penitus
1637 3748 2036 3810 invalescere
2067 3746 2476 3827 conspiciunt
2503 3763 2661 3809 mox
2707 3762 2822 3825 per
2853 3744 3001 3824 fuge

762 3854 1115 3935 presidium
1148 3875 1190 3919 a
1220 3856 1379 3919 cede
1402 3856 1592 3936 gladii
1625 3855 2028 3936 insequentis
2060 3871 2132 3916 se
2165 3858 2504 3934 sperantes
2530 3853 2797 3915 liberare
2829 3859 3003 3931 terga

764 3970 1043 4041 vertunt,
1093 3981 1263 4043 quos
1302 3982 1455 4027 cum
1491 3964 1682 4026 iidem
1713 3964 1915 4027 nostri
1948 3968 2273 4042 protenter
2304 3961 2740 4039 insequuntur
2755 3958 3003 4041 paucis·

768 4068 949 4134 simis
995 4089 1078 4134 ex
1125 4072 1373 4135 eisdem
1404 4071 1638 4134 Turcis
1669 4089 1784 4151 per
1816 4071 2020 4151 ipsius
2050 4070 2204 4149 suge
2233 4069 2587 4149 presidium
2605 4065 3002 4148 premuniti8‚

765 4179 866 4240 alii
929 4197 1045 4260 per
1109 4188 1369 4243 nostros
1435 4180 1798 4259 capiuntur,
1864 4178 1966 4240 alii
2030 4195 2186 4240 vero
2232 4178 2318 4239 ab
2364 4175 2731 4239 ferientium
2786 4174 3005 4237 dextra

769 4284 1117 4350 fortissima
1182 4288 1509 4351 crudelem
1575 4287 1801 4350 mortis
1866 4286 2188 4350 interitum
2255 4290 2705 4363 susceperunt.
2766 4279 2998 4361 Sicque

768 4394 888 4473 ipsi
944 4397 1142 4461 nostri
1193 4397 1419 4459 fideles
1472 4397 1536 4458 in
1591 4395 1823 4457 virtute
1889 4393 2135 4456 domini
2200 4393 2603 4455 exercituum
2652 4389 3005 4469 gloriosum

770 4504 914 4582 ipso
961 4505 1062 4567 die
1111 4506 1456 4568 conflictus
1503 4506 1583 4566 de
1631 4503 1787 4583 ipsis
1844 4501 2076 4563 Turcis
2122 4500 2525 4580 triumphum
2581 4499 3006 4578 reportarunt,
