<?xml version="1.0" encoding="UTF-8"?>
<!DOCTYPE html PUBLIC "-//W3C//DTD XHTML 1.0 Transitional//EN"
    "http://www.w3.org/TR/xhtml1/DTD/xhtml1-transitional.dtd">
<html xmlns="http://www.w3.org/1999/xhtml" xml:lang="en" lang="en">
 <head>
  <title>
</title>
<meta http-equiv="Content-Type" content="text/html;charset=utf-8" />
  <meta name='ocr-system' content='tesseract 3.04.00' />
  <meta name='ocr-capabilities' content='ocr_page ocr_carea ocr_par ocr_line ocrx_word'/>
</head>
<body>
  <div class='ocr_page' id='page_1' title='image "./codexdiplomatic00horvgoog_0198.png"; bbox 0 0 3475 5200; ppageno 0'>
   <div class='ocr_carea' id='block_1_1' title="bbox 1713 321 2068 372">
    <p class='ocr_par' dir='ltr' id='par_1_1' title="bbox 1713 321 2068 372">
     <span class='ocr_line' id='line_1_1' title="bbox 1713 321 2068 372; baseline 0.003 -16"><span class='ocrx_word' id='word_1_1' title='bbox 1713 321 2068 372; x_wconf 68' lang='lat' dir='ltr'>-ssss-</span> 
     </span>
    </p>
   </div>
   <div class='ocr_carea' id='block_1_2' title="bbox 1479 539 2261 799">
    <p class='ocr_par' dir='ltr' id='par_1_2' title="bbox 1479 539 2261 799">
     <span class='ocr_line' id='line_1_2' title="bbox 1710 539 2020 602; baseline 0.006 -2"><span class='ocrx_word' id='word_1_2' title='bbox 1710 539 2020 602; x_wconf 85' lang='lat' dir='ltr'>CXXXII.</span> 
     </span>
     <span class='ocr_line' id='line_1_3' title="bbox 1479 715 2261 799; baseline 0.005 -21"><span class='ocrx_word' id='word_1_3' title='bbox 1479 716 1695 795; x_wconf 81' lang='lat' dir='ltr'>Euda,</span> <span class='ocrx_word' id='word_1_4' title='bbox 1752 715 1943 780; x_wconf 77' lang='lat'><strong><em>1419.</em></strong></span> <span class='ocrx_word' id='word_1_5' title='bbox 1994 732 2149 799; x_wconf 76' lang='lat' dir='ltr'>aug.</span> <span class='ocrx_word' id='word_1_6' title='bbox 2199 717 2261 782; x_wconf 82' lang='lat'>4.</span> 
     </span>
    </p>
   </div>
   <div class='ocr_carea' id='block_1_3' title="bbox 744 855 2997 1196">
    <p class='ocr_par' dir='ltr' id='par_1_3' title="bbox 744 855 2997 1196">
     <span class='ocr_line' id='line_1_4' title="bbox 750 855 2997 928; baseline 0.003 -22"><span class='ocrx_word' id='word_1_7' title='bbox 750 855 903 906; x_wconf 82' lang='lat' dir='ltr'>Garai</span> <span class='ocrx_word' id='word_1_8' title='bbox 931 856 1121 907; x_wconf 66' lang='lat' dir='ltr'>Lfiszlo</span> <span class='ocrx_word' id='word_1_9' title='bbox 1143 857 1340 908; x_wconf 64' lang='lat' dir='ltr'>macsoi</span> <span class='ocrx_word' id='word_1_10' title='bbox 1367 857 1472 908; x_wconf 72' lang='lat' dir='ltr'>bain</span> <span class='ocrx_word' id='word_1_11' title='bbox 1496 861 1698 923; x_wconf 79' lang='lat' dir='ltr'>tudatja</span> <span class='ocrx_word' id='word_1_12' title='bbox 1724 859 2053 910; x_wconf 83' lang='lat' dir='ltr'>Tamasolczi</span> <span class='ocrx_word' id='word_1_13' title='bbox 2073 859 2241 911; x_wconf 71' lang='lat' dir='ltr'>Szzisz</span> <span class='ocrx_word' id='word_1_14' title='bbox 2261 861 2520 923; x_wconf 70' lang='lat' dir='ltr'>Jn&#39;mossal,</span> <span class='ocrx_word' id='word_1_15' title='bbox 2544 865 2688 928; x_wconf 80' lang='lat' dir='ltr'>hogy</span> <span class='ocrx_word' id='word_1_16' title='bbox 2708 862 2997 927; x_wconf 86' lang='lat' dir='ltr'>Zsigmond</span> 
     </span>
     <span class='ocr_line' id='line_1_5' title="bbox 747 945 2997 1016; baseline 0.003 -21"><span class='ocrx_word' id='word_1_17' title='bbox 747 945 911 1011; x_wconf 69' lang='lat' dir='ltr'>kiraly</span> <span class='ocrx_word' id='word_1_18' title='bbox 938 945 1271 1011; x_wconf 63' lang='lat' dir='ltr'>6t(Lfisz16t)</span> <span class='ocrx_word' id='word_1_19' title='bbox 1311 950 1464 998; x_wconf 81' lang='lat' dir='ltr'>Garai</span> <span class='ocrx_word' id='word_1_20' title='bbox 1505 947 1678 999; x_wconf 82' lang='lat' dir='ltr'>Dezs6</span> <span class='ocrx_word' id='word_1_21' title='bbox 1717 947 1910 1000; x_wconf 70' lang='lat' dir='ltr'>banna]</span> <span class='ocrx_word' id='word_1_22' title='bbox 1948 952 2132 1016; x_wconf 79' lang='lat' dir='ltr'>egyiitt</span> <span class='ocrx_word' id='word_1_23' title='bbox 2169 949 2365 1002; x_wconf 68' lang='lat' dir='ltr'>mficsoi</span> <span class='ocrx_word' id='word_1_24' title='bbox 2405 951 2651 1003; x_wconf 64' lang='lat' dir='ltr'>bimokkfi</span> <span class='ocrx_word' id='word_1_25' title='bbox 2677 959 2896 1003; x_wconf 87' lang='lat' dir='ltr'>nevezte</span> <span class='ocrx_word' id='word_1_26' title='bbox 2926 955 2997 1010; x_wconf 81' lang='lat' dir='ltr'>ki,</span> 
     </span>
     <span class='ocr_line' id='line_1_6' title="bbox 747 1035 2997 1105; baseline 0.003 -19"><span class='ocrx_word' id='word_1_27' title='bbox 747 1053 773 1086; x_wconf 90' lang='lat' dir='ltr'>s</span> <span class='ocrx_word' id='word_1_28' title='bbox 801 1035 925 1097; x_wconf 72' lang='lat' dir='ltr'>ket-i,</span> <span class='ocrx_word' id='word_1_29' title='bbox 965 1040 1108 1102; x_wconf 84' lang='lat' dir='ltr'>hogy</span> <span class='ocrx_word' id='word_1_30' title='bbox 1147 1036 1326 1088; x_wconf 85' lang='lat' dir='ltr'>Dezs6</span> <span class='ocrx_word' id='word_1_31' title='bbox 1366 1037 1492 1088; x_wconf 69' lang='lat' dir='ltr'>bzint</span> <span class='ocrx_word' id='word_1_32' title='bbox 1534 1037 1694 1089; x_wconf 71' lang='lat' dir='ltr'>Valko</span> <span class='ocrx_word' id='word_1_33' title='bbox 1735 1038 2138 1105; x_wconf 69' lang='lat' dir='ltr'>varmegyeben,</span> <span class='ocrx_word' id='word_1_34' title='bbox 2168 1042 2339 1091; x_wconf 86' lang='lat' dir='ltr'>illetve</span> <span class='ocrx_word' id='word_1_35' title='bbox 2378 1040 2491 1091; x_wconf 69' lang='lat' dir='ltr'>mas</span> <span class='ocrx_word' id='word_1_36' title='bbox 2528 1043 2782 1105; x_wconf 81' lang='lat' dir='ltr'>helyeken</span> <span class='ocrx_word' id='word_1_37' title='bbox 2822 1046 2997 1093; x_wconf 85' lang='lat' dir='ltr'>keres-</span> 
     </span>
     <span class='ocr_line' id='line_1_7' title="bbox 744 1126 2993 1196; baseline 0.004 -20"><span class='ocrx_word' id='word_1_38' title='bbox 744 1132 885 1177; x_wconf 85' lang='lat' dir='ltr'>tesse</span> <span class='ocrx_word' id='word_1_39' title='bbox 911 1126 996 1187; x_wconf 82' lang='lat' dir='ltr'>sel,</span> <span class='ocrx_word' id='word_1_40' title='bbox 1010 1144 1040 1176; x_wconf 83' lang='lat' dir='ltr'>a</span> <span class='ocrx_word' id='word_1_41' title='bbox 1067 1126 1300 1190; x_wconf 75' lang='lat' dir='ltr'>vegeken</span> <span class='ocrx_word' id='word_1_42' title='bbox 1320 1127 1633 1179; x_wconf 72' lang='lat' dir='ltr'>tartozkodo</span> <span class='ocrx_word' id='word_1_43' title='bbox 1653 1129 1978 1190; x_wconf 73' lang='lat' dir='ltr'>testverer61‚</span> <span class='ocrx_word' id='word_1_44' title='bbox 1998 1132 2152 1181; x_wconf 79' lang='lat' dir='ltr'>Garai</span> <span class='ocrx_word' id='word_1_45' title='bbox 2172 1130 2441 1181; x_wconf 77' lang='lat' dir='ltr'>Miklosrol</span> <span class='ocrx_word' id='word_1_46' title='bbox 2459 1133 2619 1196; x_wconf 86' lang='lat' dir='ltr'>pedig</span> <span class='ocrx_word' id='word_1_47' title='bbox 2637 1129 2899 1182; x_wconf 78' lang='lat' dir='ltr'>tudositsa</span> <span class='ocrx_word' id='word_1_48' title='bbox 2915 1132 2993 1184; x_wconf 82' lang='lat' dir='ltr'>6t.</span> 
     </span>
    </p>
   </div>
   <div class='ocr_carea' id='block_1_4' title="bbox 1067 1255 1861 1429">
    <p class='ocr_par' dir='ltr' id='par_1_4' title="bbox 1067 1255 1861 1429">
     <span class='ocr_line' id='line_1_8' title="bbox 1067 1255 1759 1320; baseline 0.003 -3"><span class='ocrx_word' id='word_1_49' title='bbox 1067 1255 1407 1318; x_wconf 83' lang='lat' dir='ltr'>Ladislaus</span> <span class='ocrx_word' id='word_1_50' title='bbox 1455 1258 1535 1320; x_wconf 92' lang='lat' dir='ltr'>de</span> <span class='ocrx_word' id='word_1_51' title='bbox 1585 1258 1759 1319; x_wconf 85' lang='lat' dir='ltr'>Gara</span> 
     </span>
     <span class='ocr_line' id='line_1_9' title="bbox 1067 1363 1861 1429; baseline 0.006 -5"><span class='ocrx_word' id='word_1_52' title='bbox 1067 1363 1289 1425; x_wconf 89' lang='lat' dir='ltr'>Banus</span> <span class='ocrx_word' id='word_1_53' title='bbox 1335 1363 1861 1429; x_wconf 80' lang='lat' dir='ltr'>MachowiensiS.</span> 
     </span>
    </p>
   </div>
   <div class='ocr_carea' id='block_1_5' title="bbox 736 1488 2992 2756">
    <p class='ocr_par' dir='ltr' id='par_1_5' title="bbox 736 1488 2992 2756">
     <span class='ocr_line' id='line_1_10' title="bbox 958 1488 2991 1555; baseline 0.001 -6"><span class='ocrx_word' id='word_1_54' title='bbox 958 1488 1205 1551; x_wconf 85' lang='lat' dir='ltr'>Nobilis</span> <span class='ocrx_word' id='word_1_55' title='bbox 1271 1490 1367 1551; x_wconf 89' lang='lat' dir='ltr'>vir</span> <span class='ocrx_word' id='word_1_56' title='bbox 1431 1490 1621 1552; x_wconf 90' lang='lat' dir='ltr'>nobis</span> <span class='ocrx_word' id='word_1_57' title='bbox 1678 1492 1927 1553; x_wconf 91' lang='lat' dir='ltr'>sincere</span> <span class='ocrx_word' id='word_1_58' title='bbox 1983 1491 2228 1554; x_wconf 86' lang='lat' dir='ltr'>dilecte.</span> <span class='ocrx_word' id='word_1_59' title='bbox 2289 1491 2721 1555; x_wconf 87' lang='lat' dir='ltr'>Notificamus</span> <span class='ocrx_word' id='word_1_60' title='bbox 2778 1491 2991 1553; x_wconf 87' lang='lat' dir='ltr'>eidem</span> 
     </span>
     <span class='ocr_line' id='line_1_11' title="bbox 743 1582 2992 1676; baseline 0 -19"><span class='ocrx_word' id='word_1_61' title='bbox 743 1603 956 1659; x_wconf 84' lang='lat' dir='ltr'>vestre</span> <span class='ocrx_word' id='word_1_62' title='bbox 1023 1596 1361 1673; x_wconf 84' lang='lat' dir='ltr'>dilectioni,</span> <span class='ocrx_word' id='word_1_63' title='bbox 1430 1582 1609 1676; x_wconf 80' lang='lat' dir='ltr'>quod</span> <span class='ocrx_word' id='word_1_64' title='bbox 1677 1598 1951 1659; x_wconf 88' lang='lat' dir='ltr'>Michael</span> <span class='ocrx_word' id='word_1_65' title='bbox 2018 1599 2231 1660; x_wconf 87' lang='lat' dir='ltr'>dictus</span> <span class='ocrx_word' id='word_1_66' title='bbox 2289 1599 2542 1661; x_wconf 86' lang='lat' dir='ltr'>Baroeh</span> <span class='ocrx_word' id='word_1_67' title='bbox 2608 1599 2689 1660; x_wconf 90' lang='lat' dir='ltr'>de</span> <span class='ocrx_word' id='word_1_68' title='bbox 2745 1598 2893 1659; x_wconf 89' lang='lat' dir='ltr'>Jaar</span> <span class='ocrx_word' id='word_1_69' title='bbox 2951 1615 2992 1657; x_wconf 88' lang='lat' dir='ltr'>a</span> 
     </span>
     <span class='ocr_line' id='line_1_12' title="bbox 743 1685 2989 1786; baseline 0 -21"><span class='ocrx_word' id='word_1_70' title='bbox 743 1705 1091 1784; x_wconf 84' lang='lat' dir='ltr'>magnifico</span> <span class='ocrx_word' id='word_1_71' title='bbox 1133 1704 1398 1766; x_wconf 90' lang='lat' dir='ltr'>domino</span> <span class='ocrx_word' id='word_1_72' title='bbox 1439 1704 1709 1767; x_wconf 84' lang='lat' dir='ltr'>Nicolao</span> <span class='ocrx_word' id='word_1_73' title='bbox 1745 1706 1826 1767; x_wconf 92' lang='lat' dir='ltr'>de</span> <span class='ocrx_word' id='word_1_74' title='bbox 1860 1705 2033 1767; x_wconf 84' lang='lat' dir='ltr'>Gara</span> <span class='ocrx_word' id='word_1_75' title='bbox 2080 1708 2256 1786; x_wconf 85' lang='lat' dir='ltr'>regni</span> <span class='ocrx_word' id='word_1_76' title='bbox 2305 1685 2635 1785; x_wconf 85' lang='lat' dir='ltr'>Hungarie</span> <span class='ocrx_word' id='word_1_77' title='bbox 2684 1706 2989 1786; x_wconf 82' lang='lat' dir='ltr'>palatinO,</span> 
     </span>
     <span class='ocr_line' id='line_1_13' title="bbox 741 1811 2989 1894; baseline 0 -21"><span class='ocrx_word' id='word_1_78' title='bbox 741 1813 1007 1874; x_wconf 90' lang='lat' dir='ltr'>domino</span> <span class='ocrx_word' id='word_1_79' title='bbox 1054 1821 1116 1873; x_wconf 90' lang='lat' dir='ltr'>et</span> <span class='ocrx_word' id='word_1_80' title='bbox 1163 1813 1322 1890; x_wconf 89' lang='lat' dir='ltr'>patri</span> <span class='ocrx_word' id='word_1_81' title='bbox 1372 1821 1595 1874; x_wconf 87' lang='lat' dir='ltr'>nostro</span> <span class='ocrx_word' id='word_1_82' title='bbox 1642 1813 2030 1876; x_wconf 83' lang='lat' dir='ltr'>honorando</span> <span class='ocrx_word' id='word_1_83' title='bbox 2078 1815 2529 1893; x_wconf 87' lang='lat' dir='ltr'>reperateravit</span> <span class='ocrx_word' id='word_1_84' title='bbox 2580 1811 2749 1894; x_wconf 77' lang='lat' dir='ltr'>(igy)</span> <span class='ocrx_word' id='word_1_85' title='bbox 2808 1813 2989 1874; x_wconf 76' lang='lat' dir='ltr'>novi-</span> 
     </span>
     <span class='ocr_line' id='line_1_14' title="bbox 739 1920 2989 1999; baseline 0 -19"><span class='ocrx_word' id='word_1_86' title='bbox 739 1925 907 1982; x_wconf 85' lang='lat' dir='ltr'>tates</span> <span class='ocrx_word' id='word_1_87' title='bbox 964 1920 1153 1982; x_wconf 89' lang='lat' dir='ltr'>nobis</span> <span class='ocrx_word' id='word_1_88' title='bbox 1209 1921 1439 1996; x_wconf 89' lang='lat' dir='ltr'>retulit,</span> <span class='ocrx_word' id='word_1_89' title='bbox 1497 1921 1673 1999; x_wconf 90' lang='lat' dir='ltr'>quod</span> <span class='ocrx_word' id='word_1_90' title='bbox 1732 1921 2189 1983; x_wconf 87' lang='lat' dir='ltr'>serenissimus</span> <span class='ocrx_word' id='word_1_91' title='bbox 2245 1921 2551 1983; x_wconf 89' lang='lat' dir='ltr'>dominus</span> <span class='ocrx_word' id='word_1_92' title='bbox 2610 1928 2828 1982; x_wconf 91' lang='lat' dir='ltr'>noster</span> <span class='ocrx_word' id='word_1_93' title='bbox 2874 1938 2989 1981; x_wconf 80' lang='lat' dir='ltr'>rex</span> 
     </span>
     <span class='ocr_line' id='line_1_15' title="bbox 742 2027 2987 2107; baseline 0 -21"><span class='ocrx_word' id='word_1_94' title='bbox 742 2028 1054 2089; x_wconf 89' lang='lat' dir='ltr'>banatum</span> <span class='ocrx_word' id='word_1_95' title='bbox 1110 2027 1668 2089; x_wconf 82' lang='lat' dir='ltr'>Machowiensem</span> <span class='ocrx_word' id='word_1_96' title='bbox 1736 2029 1925 2089; x_wconf 88' lang='lat' dir='ltr'>nobis</span> <span class='ocrx_word' id='word_1_97' title='bbox 1988 2046 2273 2090; x_wconf 90' lang='lat' dir='ltr'>unacum</span> <span class='ocrx_word' id='word_1_98' title='bbox 2330 2027 2681 2107; x_wconf 83' lang='lat' dir='ltr'>magnifico</span> <span class='ocrx_word' id='word_1_99' title='bbox 2747 2027 2987 2090; x_wconf 81' lang='lat' dir='ltr'>Desew</span> 
     </span>
     <span class='ocr_line' id='line_1_16' title="bbox 740 2133 2986 2215; baseline 0 -19"><span class='ocrx_word' id='word_1_100' title='bbox 740 2135 913 2196; x_wconf 89' lang='lat' dir='ltr'>bano</span> <span class='ocrx_word' id='word_1_101' title='bbox 968 2133 1436 2196; x_wconf 81' lang='lat' dir='ltr'>Machowiensi</span> <span class='ocrx_word' id='word_1_102' title='bbox 1494 2136 1763 2196; x_wconf 88' lang='lat' dir='ltr'>contulit</span> <span class='ocrx_word' id='word_1_103' title='bbox 1810 2153 1926 2214; x_wconf 90' lang='lat' dir='ltr'>pro</span> <span class='ocrx_word' id='word_1_104' title='bbox 1984 2137 2251 2197; x_wconf 85' lang='lat' dir='ltr'>honore.</span> <span class='ocrx_word' id='word_1_105' title='bbox 2311 2135 2722 2215; x_wconf 78' lang='lat' dir='ltr'>Quapropter</span> <span class='ocrx_word' id='word_1_106' title='bbox 2774 2135 2986 2197; x_wconf 90' lang='lat' dir='ltr'>eidem</span> 
     </span>
     <span class='ocr_line' id='line_1_17' title="bbox 740 2242 2985 2323; baseline 0.001 -21"><span class='ocrx_word' id='word_1_107' title='bbox 740 2249 952 2305; x_wconf 82' lang='lat' dir='ltr'>vestre</span> <span class='ocrx_word' id='word_1_108' title='bbox 1000 2242 1320 2304; x_wconf 87' lang='lat' dir='ltr'>dilectioni</span> <span class='ocrx_word' id='word_1_109' title='bbox 1354 2244 1435 2304; x_wconf 94' lang='lat' dir='ltr'>de</span> <span class='ocrx_word' id='word_1_110' title='bbox 1468 2244 1933 2304; x_wconf 84' lang='lat' dir='ltr'>commissione</span> <span class='ocrx_word' id='word_1_111' title='bbox 1981 2243 2130 2304; x_wconf 89' lang='lat' dir='ltr'>dicti</span> <span class='ocrx_word' id='word_1_112' title='bbox 2177 2243 2418 2305; x_wconf 88' lang='lat' dir='ltr'>domini</span> <span class='ocrx_word' id='word_1_113' title='bbox 2453 2251 2516 2305; x_wconf 94' lang='lat' dir='ltr'>et</span> <span class='ocrx_word' id='word_1_114' title='bbox 2544 2244 2743 2323; x_wconf 87' lang='lat' dir='ltr'>patris</span> <span class='ocrx_word' id='word_1_115' title='bbox 2785 2244 2985 2305; x_wconf 86' lang='lat' dir='ltr'>nostri</span> 
     </span>
     <span class='ocr_line' id='line_1_18' title="bbox 739 2351 2985 2428; baseline -0 -17"><span class='ocrx_word' id='word_1_116' title='bbox 739 2357 802 2411; x_wconf 94' lang='lat' dir='ltr'>et</span> <span class='ocrx_word' id='word_1_117' title='bbox 849 2351 1042 2412; x_wconf 86' lang='lat' dir='ltr'>etiam</span> <span class='ocrx_word' id='word_1_118' title='bbox 1092 2359 1310 2412; x_wconf 91' lang='lat' dir='ltr'>nostre</span> <span class='ocrx_word' id='word_1_119' title='bbox 1359 2353 1548 2413; x_wconf 90' lang='lat' dir='ltr'>vobis</span> <span class='ocrx_word' id='word_1_120' title='bbox 1596 2351 1840 2413; x_wconf 90' lang='lat' dir='ltr'>seriose</span> <span class='ocrx_word' id='word_1_121' title='bbox 1888 2358 1950 2412; x_wconf 91' lang='lat' dir='ltr'>et</span> <span class='ocrx_word' id='word_1_122' title='bbox 1998 2357 2239 2412; x_wconf 84' lang='lat' dir='ltr'>attente</span> <span class='ocrx_word' id='word_1_123' title='bbox 2289 2351 2776 2426; x_wconf 85' lang='lat' dir='ltr'>committimus,</span> <span class='ocrx_word' id='word_1_124' title='bbox 2824 2368 2985 2428; x_wconf 86' lang='lat' dir='ltr'>qua·</span> 
     </span>
     <span class='ocr_line' id='line_1_19' title="bbox 736 2458 2982 2537; baseline -0 -18"><span class='ocrx_word' id='word_1_125' title='bbox 736 2466 929 2520; x_wconf 88' lang='lat' dir='ltr'>tenus</span> <span class='ocrx_word' id='word_1_126' title='bbox 994 2459 1212 2520; x_wconf 88' lang='lat' dir='ltr'>statim</span> <span class='ocrx_word' id='word_1_127' title='bbox 1280 2459 1435 2520; x_wconf 86' lang='lat' dir='ltr'>visis</span> <span class='ocrx_word' id='word_1_128' title='bbox 1492 2459 1905 2537; x_wconf 86' lang='lat' dir='ltr'>presentibus</span> <span class='ocrx_word' id='word_1_129' title='bbox 1962 2459 2138 2520; x_wconf 92' lang='lat' dir='ltr'>omni</span> <span class='ocrx_word' id='word_1_130' title='bbox 2197 2458 2499 2519; x_wconf 88' lang='lat' dir='ltr'>dilatione</span> <span class='ocrx_word' id='word_1_131' title='bbox 2564 2463 2982 2536; x_wconf 86' lang='lat' dir='ltr'>posttergata‚</span> 
     </span>
     <span class='ocr_line' id='line_1_20' title="bbox 739 2564 2987 2644; baseline -0.001 -17"><span class='ocrx_word' id='word_1_132' title='bbox 739 2566 1115 2644; x_wconf 88' lang='lat' dir='ltr'>ubicunque</span> <span class='ocrx_word' id='word_1_133' title='bbox 1161 2567 1456 2629; x_wconf 86' lang='lat' dir='ltr'>locorum</span> <span class='ocrx_word' id='word_1_134' title='bbox 1503 2567 1565 2628; x_wconf 89' lang='lat' dir='ltr'>in</span> <span class='ocrx_word' id='word_1_135' title='bbox 1615 2566 1854 2629; x_wconf 85' lang='lat' dir='ltr'>Walko</span> <span class='ocrx_word' id='word_1_136' title='bbox 1901 2573 2013 2629; x_wconf 86' lang='lat' dir='ltr'>aut</span> <span class='ocrx_word' id='word_1_137' title='bbox 2062 2567 2201 2629; x_wconf 88' lang='lat' dir='ltr'>aliis</span> <span class='ocrx_word' id='word_1_138' title='bbox 2249 2565 2661 2629; x_wconf 88' lang='lat' dir='ltr'>comitatibus</span> <span class='ocrx_word' id='word_1_139' title='bbox 2708 2566 2810 2626; x_wconf 91' lang='lat' dir='ltr'>vel</span> <span class='ocrx_word' id='word_1_140' title='bbox 2847 2564 2987 2627; x_wconf 89' lang='lat' dir='ltr'>suis</span> 
     </span>
     <span class='ocr_line' id='line_1_21' title="bbox 737 2673 2985 2756; baseline -0.001 -21"><span class='ocrx_word' id='word_1_141' title='bbox 737 2675 1289 2752; x_wconf 87' lang='lat' dir='ltr'>possessionibus,</span> <span class='ocrx_word' id='word_1_142' title='bbox 1326 2674 1565 2752; x_wconf 90' lang='lat' dir='ltr'>ubique</span> <span class='ocrx_word' id='word_1_143' title='bbox 1599 2675 2049 2756; x_wconf 88' lang='lat' dir='ltr'>perlustrando</span> <span class='ocrx_word' id='word_1_144' title='bbox 2092 2675 2395 2753; x_wconf 84' lang='lat' dir='ltr'>indagare</span> <span class='ocrx_word' id='word_1_145' title='bbox 2439 2673 2731 2735; x_wconf 82' lang='lat' dir='ltr'>debeatis</span> <span class='ocrx_word' id='word_1_146' title='bbox 2770 2674 2985 2752; x_wconf 89' lang='lat' dir='ltr'>ipsum</span> 
     </span>
    </p>
   </div>
   <div class='ocr_carea' id='block_1_6' title="bbox 705 2780 2984 2867">
    <p class='ocr_par' dir='ltr' id='par_1_6' title="bbox 705 2780 2984 2867">
     <span class='ocr_line' id='line_1_22' title="bbox 705 2780 2984 2867; baseline -0 -26"><span class='ocrx_word' id='word_1_147' title='bbox 705 2780 978 2867; x_wconf 28' lang='lat' dir='ltr'>‘Desew</span> <span class='ocrx_word' id='word_1_148' title='bbox 1032 2782 1282 2843; x_wconf 90' lang='lat' dir='ltr'>banum</span> <span class='ocrx_word' id='word_1_149' title='bbox 1337 2790 1770 2861; x_wconf 88' lang='lat' dir='ltr'>prenotatum,</span> <span class='ocrx_word' id='word_1_150' title='bbox 1829 2783 2043 2861; x_wconf 88' lang='lat' dir='ltr'>ibique</span> <span class='ocrx_word' id='word_1_151' title='bbox 2091 2782 2411 2862; x_wconf 84' lang='lat' dir='ltr'>prefatum</span> <span class='ocrx_word' id='word_1_152' title='bbox 2471 2781 2854 2842; x_wconf 84' lang='lat' dir='ltr'>Michaelem</span> <span class='ocrx_word' id='word_1_153' title='bbox 2903 2780 2984 2840; x_wconf 86' lang='lat' dir='ltr'>de</span> 
     </span>
    </p>
   </div>
   <div class='ocr_carea' id='block_1_7' title="bbox 523 4156 698 4279">
    <p class='ocr_par' dir='ltr' id='par_1_7' title="bbox 523 4156 698 4279">
     <span class='ocr_line' id='line_1_23' title="bbox 553 4156 659 4197; baseline -0.019 0"><span class='ocrx_word' id='word_1_154' title='bbox 553 4156 659 4197; x_wconf 76' lang='lat'><strong>1⁴19</strong></span> 
     </span>
     <span class='ocr_line' id='line_1_24' title="bbox 523 4230 698 4279; baseline 0 -11"><span class='ocrx_word' id='word_1_155' title='bbox 523 4239 625 4279; x_wconf 78' lang='lat' dir='ltr'>aug.</span> <span class='ocrx_word' id='word_1_156' title='bbox 658 4230 698 4268; x_wconf 77' lang='lat'>4.</span> 
     </span>
    </p>
   </div>
   <div class='ocr_carea' id='block_1_8' title="bbox 489 4212 704 4221">
    <p class='ocr_par' dir='ltr' id='par_1_8' title="bbox 489 4212 704 4221">
     <span class='ocr_line' id='line_1_25' title="bbox 489 4212 704 4221; baseline 0 979"><span class='ocrx_word' id='word_1_157' title='bbox 489 4212 704 4221; x_wconf 95' lang='lat' dir='ltr'> </span> 
     </span>
    </p>
   </div>
   <div class='ocr_carea' id='block_1_9' title="bbox 731 2886 2985 4584">
    <p class='ocr_par' dir='ltr' id='par_1_9' title="bbox 731 2886 2985 4259">
     <span class='ocr_line' id='line_1_26' title="bbox 739 2886 2985 2969; baseline -0.001 -20"><span class='ocrx_word' id='word_1_158' title='bbox 739 2888 991 2951; x_wconf 83' lang='lat' dir='ltr'>Baroch</span> <span class='ocrx_word' id='word_1_159' title='bbox 1020 2890 1394 2967; x_wconf 79' lang='lat' dir='ltr'>reperiretis,</span> <span class='ocrx_word' id='word_1_160' title='bbox 1419 2889 1485 2951; x_wconf 95' lang='lat' dir='ltr'>In</span> <span class='ocrx_word' id='word_1_161' title='bbox 1508 2907 1689 2966; x_wconf 86' lang='lat' dir='ltr'>casu,</span> <span class='ocrx_word' id='word_1_162' title='bbox 1717 2909 1853 2968; x_wconf 91' lang='lat' dir='ltr'>quo</span> <span class='ocrx_word' id='word_1_163' title='bbox 1881 2899 2095 2951; x_wconf 89' lang='lat' dir='ltr'>vestra</span> <span class='ocrx_word' id='word_1_164' title='bbox 2116 2890 2367 2951; x_wconf 90' lang='lat' dir='ltr'>dilectio</span> <span class='ocrx_word' id='word_1_165' title='bbox 2388 2889 2568 2969; x_wconf 89' lang='lat' dir='ltr'>prius</span> <span class='ocrx_word' id='word_1_166' title='bbox 2598 2887 2683 2949; x_wconf 80' lang='lat' dir='ltr'>ad</span> <span class='ocrx_word' id='word_1_167' title='bbox 2705 2886 2985 2948; x_wconf 89' lang='lat' dir='ltr'>eundem</span> 
     </span>
     <span class='ocr_line' id='line_1_27' title="bbox 737 2994 2983 3076; baseline -0.002 -19"><span class='ocrx_word' id='word_1_168' title='bbox 737 2996 977 3058; x_wconf 88' lang='lat' dir='ltr'>Desew</span> <span class='ocrx_word' id='word_1_169' title='bbox 1041 2997 1286 3057; x_wconf 88' lang='lat' dir='ltr'>banum</span> <span class='ocrx_word' id='word_1_170' title='bbox 1355 2998 1791 3076; x_wconf 87' lang='lat' dir='ltr'>perveniretis,</span> <span class='ocrx_word' id='word_1_171' title='bbox 1859 3005 1923 3059; x_wconf 91' lang='lat' dir='ltr'>et</span> <span class='ocrx_word' id='word_1_172' title='bbox 1978 2998 2191 3076; x_wconf 90' lang='lat' dir='ltr'>ipsum</span> <span class='ocrx_word' id='word_1_173' title='bbox 2259 2996 2643 3057; x_wconf 84' lang='lat' dir='ltr'>Michaelem</span> <span class='ocrx_word' id='word_1_174' title='bbox 2701 2994 2783 3055; x_wconf 93' lang='lat' dir='ltr'>ibi</span> <span class='ocrx_word' id='word_1_175' title='bbox 2848 3009 2983 3054; x_wconf 86' lang='lat' dir='ltr'>non</span> 
     </span>
     <span class='ocr_line' id='line_1_28' title="bbox 736 3101 2981 3183; baseline -0.001 -19"><span class='ocrx_word' id='word_1_176' title='bbox 736 3104 1091 3182; x_wconf 90' lang='lat' dir='ltr'>reperiretis</span> <span class='ocrx_word' id='word_1_177' title='bbox 1148 3107 1324 3183; x_wconf 89' lang='lat' dir='ltr'>quod</span> <span class='ocrx_word' id='word_1_178' title='bbox 1373 3105 1561 3180; x_wconf 88' lang='lat' dir='ltr'>absit,</span> <span class='ocrx_word' id='word_1_179' title='bbox 1612 3113 1767 3165; x_wconf 89' lang='lat' dir='ltr'>tunc</span> <span class='ocrx_word' id='word_1_180' title='bbox 1816 3105 2099 3183; x_wconf 84' lang='lat' dir='ltr'>aliquam</span> <span class='ocrx_word' id='word_1_181' title='bbox 2157 3120 2409 3165; x_wconf 89' lang='lat' dir='ltr'>moram</span> <span class='ocrx_word' id='word_1_182' title='bbox 2467 3103 2641 3182; x_wconf 88' lang='lat' dir='ltr'>apud</span> <span class='ocrx_word' id='word_1_183' title='bbox 2698 3101 2981 3164; x_wconf 90' lang='lat' dir='ltr'>eundem</span> 
     </span>
     <span class='ocr_line' id='line_1_29' title="bbox 735 3210 2983 3288; baseline -0.001 -17"><span class='ocrx_word' id='word_1_184' title='bbox 735 3210 974 3273; x_wconf 81' lang='lat' dir='ltr'>Desew</span> <span class='ocrx_word' id='word_1_185' title='bbox 1031 3213 1278 3273; x_wconf 87' lang='lat' dir='ltr'>banum</span> <span class='ocrx_word' id='word_1_186' title='bbox 1337 3212 1648 3273; x_wconf 85' lang='lat' dir='ltr'>facientes</span> <span class='ocrx_word' id='word_1_187' title='bbox 1704 3220 1777 3274; x_wconf 90' lang='lat' dir='ltr'>ut</span> <span class='ocrx_word' id='word_1_188' title='bbox 1824 3212 1992 3273; x_wconf 89' lang='lat' dir='ltr'>idem</span> <span class='ocrx_word' id='word_1_189' title='bbox 2050 3211 2326 3273; x_wconf 89' lang='lat' dir='ltr'>Michael</span> <span class='ocrx_word' id='word_1_190' title='bbox 2372 3211 2455 3272; x_wconf 89' lang='lat' dir='ltr'>ad</span> <span class='ocrx_word' id='word_1_191' title='bbox 2502 3227 2625 3271; x_wconf 92' lang='lat' dir='ltr'>vos</span> <span class='ocrx_word' id='word_1_192' title='bbox 2672 3211 2983 3288; x_wconf 84' lang='lat' dir='ltr'>attingere</span> 
     </span>
     <span class='ocr_line' id='line_1_30' title="bbox 733 3317 2981 3398; baseline -0.001 -19"><span class='ocrx_word' id='word_1_193' title='bbox 733 3320 963 3380; x_wconf 88' lang='lat' dir='ltr'>valeat.</span> <span class='ocrx_word' id='word_1_194' title='bbox 1014 3319 1156 3398; x_wconf 90' lang='lat' dir='ltr'>Ipse</span> <span class='ocrx_word' id='word_1_195' title='bbox 1194 3337 1350 3381; x_wconf 91' lang='lat' dir='ltr'>vero</span> <span class='ocrx_word' id='word_1_196' title='bbox 1393 3318 1668 3381; x_wconf 84' lang='lat' dir='ltr'>Michael</span> <span class='ocrx_word' id='word_1_197' title='bbox 1713 3321 1795 3381; x_wconf 93' lang='lat' dir='ltr'>de</span> <span class='ocrx_word' id='word_1_198' title='bbox 1829 3319 2108 3381; x_wconf 88' lang='lat' dir='ltr'>factibus</span> <span class='ocrx_word' id='word_1_199' title='bbox 2148 3319 2387 3380; x_wconf 89' lang='lat' dir='ltr'>nostris</span> <span class='ocrx_word' id='word_1_200' title='bbox 2430 3335 2550 3380; x_wconf 89' lang='lat' dir='ltr'>vos</span> <span class='ocrx_word' id='word_1_201' title='bbox 2593 3317 2981 3390; x_wconf 82' lang='lat' dir='ltr'>informabit,</span> 
     </span>
     <span class='ocr_line' id='line_1_31' title="bbox 731 3426 2980 3507; baseline -0.002 -18"><span class='ocrx_word' id='word_1_202' title='bbox 731 3429 794 3489; x_wconf 91' lang='lat' dir='ltr'>in</span> <span class='ocrx_word' id='word_1_203' title='bbox 847 3446 980 3506; x_wconf 89' lang='lat' dir='ltr'>quo</span> <span class='ocrx_word' id='word_1_204' title='bbox 1014 3427 1278 3507; x_wconf 90' lang='lat' dir='ltr'>quidem</span> <span class='ocrx_word' id='word_1_205' title='bbox 1312 3428 1486 3489; x_wconf 89' lang='lat' dir='ltr'>facto</span> <span class='ocrx_word' id='word_1_206' title='bbox 1529 3428 1727 3490; x_wconf 90' lang='lat' dir='ltr'>modo</span> <span class='ocrx_word' id='word_1_207' title='bbox 1759 3429 1896 3490; x_wconf 90' lang='lat' dir='ltr'>sitis</span> <span class='ocrx_word' id='word_1_208' title='bbox 1929 3426 2219 3489; x_wconf 90' lang='lat' dir='ltr'>solicitus</span> <span class='ocrx_word' id='word_1_209' title='bbox 2252 3435 2315 3488; x_wconf 90' lang='lat' dir='ltr'>et</span> <span class='ocrx_word' id='word_1_210' title='bbox 2346 3427 2516 3504; x_wconf 87' lang='lat' dir='ltr'>vigil,</span> <span class='ocrx_word' id='word_1_211' title='bbox 2566 3426 2743 3504; x_wconf 86' lang='lat' dir='ltr'>quod</span> <span class='ocrx_word' id='word_1_212' title='bbox 2770 3431 2980 3485; x_wconf 74' lang='lat' dir='ltr'>vestra</span> 
     </span>
     <span class='ocr_line' id='line_1_32' title="bbox 734 3531 2978 3614; baseline -0.002 -19"><span class='ocrx_word' id='word_1_213' title='bbox 734 3535 1074 3596; x_wconf 88' lang='lat' dir='ltr'>dilectione</span> <span class='ocrx_word' id='word_1_214' title='bbox 1105 3536 1344 3596; x_wconf 87' lang='lat' dir='ltr'>habere</span> <span class='ocrx_word' id='word_1_215' title='bbox 1387 3536 1556 3596; x_wconf 89' lang='lat' dir='ltr'>idem</span> <span class='ocrx_word' id='word_1_216' title='bbox 1591 3535 1899 3597; x_wconf 88' lang='lat' dir='ltr'>dominus</span> <span class='ocrx_word' id='word_1_217' title='bbox 1932 3541 1993 3596; x_wconf 91' lang='lat' dir='ltr'>et</span> <span class='ocrx_word' id='word_1_218' title='bbox 2027 3544 2206 3614; x_wconf 88' lang='lat' dir='ltr'>pater</span> <span class='ocrx_word' id='word_1_219' title='bbox 2239 3542 2459 3596; x_wconf 89' lang='lat' dir='ltr'>noster</span> <span class='ocrx_word' id='word_1_220' title='bbox 2490 3540 2554 3594; x_wconf 92' lang='lat' dir='ltr'>et</span> <span class='ocrx_word' id='word_1_221' title='bbox 2585 3550 2709 3594; x_wconf 90' lang='lat' dir='ltr'>nos</span> <span class='ocrx_word' id='word_1_222' title='bbox 2743 3531 2978 3592; x_wconf 86' lang='lat' dir='ltr'>habere</span> 
     </span>
     <span class='ocr_line' id='line_1_33' title="bbox 732 3638 2981 3727; baseline -0.002 -25"><span class='ocrx_word' id='word_1_223' title='bbox 732 3658 1094 3727; x_wconf 81' lang='lat' dir='ltr'>speramus,</span> <span class='ocrx_word' id='word_1_224' title='bbox 1147 3642 1241 3702; x_wconf 91' lang='lat' dir='ltr'>De</span> <span class='ocrx_word' id='word_1_225' title='bbox 1290 3643 1413 3704; x_wconf 90' lang='lat' dir='ltr'>hiis</span> <span class='ocrx_word' id='word_1_226' title='bbox 1459 3648 1680 3704; x_wconf 84' lang='lat' dir='ltr'>autem</span> <span class='ocrx_word' id='word_1_227' title='bbox 1730 3643 1922 3703; x_wconf 81' lang='lat' dir='ltr'>etiam</span> <span class='ocrx_word' id='word_1_228' title='bbox 1970 3653 2253 3704; x_wconf 89' lang='lat' dir='ltr'>vestram</span> <span class='ocrx_word' id='word_1_229' title='bbox 2312 3641 2685 3719; x_wconf 81' lang='lat' dir='ltr'>flagitamus</span> <span class='ocrx_word' id='word_1_230' title='bbox 2744 3638 2981 3699; x_wconf 88' lang='lat' dir='ltr'>dilecti-</span> 
     </span>
     <span class='ocr_line' id='line_1_34' title="bbox 731 3746 2981 3828; baseline -0.002 -19"><span class='ocrx_word' id='word_1_231' title='bbox 731 3765 949 3822; x_wconf 92' lang='lat' dir='ltr'>onem,</span> <span class='ocrx_word' id='word_1_232' title='bbox 989 3756 1315 3828; x_wconf 88' lang='lat' dir='ltr'>quatenus</span> <span class='ocrx_word' id='word_1_233' title='bbox 1357 3752 1853 3828; x_wconf 87' lang='lat' dir='ltr'>qualescunque</span> <span class='ocrx_word' id='word_1_234' title='bbox 1896 3750 2215 3811; x_wconf 85' lang='lat' dir='ltr'>novitates</span> <span class='ocrx_word' id='word_1_235' title='bbox 2258 3748 2504 3809; x_wconf 90' lang='lat' dir='ltr'>sciretis</span> <span class='ocrx_word' id='word_1_236' title='bbox 2547 3748 2651 3808; x_wconf 90' lang='lat' dir='ltr'>vel</span> <span class='ocrx_word' id='word_1_237' title='bbox 2692 3746 2981 3807; x_wconf 90' lang='lat' dir='ltr'>siscitare</span> 
     </span>
     <span class='ocr_line' id='line_1_35' title="bbox 736 3852 2977 3937; baseline -0.004 -18"><span class='ocrx_word' id='word_1_238' title='bbox 736 3856 1022 3937; x_wconf 86' lang='lat' dir='ltr'>poteritis</span> <span class='ocrx_word' id='word_1_239' title='bbox 1054 3874 1094 3917; x_wconf 88' lang='lat' dir='ltr'>a</span> <span class='ocrx_word' id='word_1_240' title='bbox 1132 3856 1398 3919; x_wconf 89' lang='lat' dir='ltr'>domino</span> <span class='ocrx_word' id='word_1_241' title='bbox 1445 3855 1714 3919; x_wconf 91' lang='lat' dir='ltr'>Nicolao</span> <span class='ocrx_word' id='word_1_242' title='bbox 1756 3857 1928 3918; x_wconf 89' lang='lat' dir='ltr'>fratri</span> <span class='ocrx_word' id='word_1_243' title='bbox 1977 3866 2201 3918; x_wconf 89' lang='lat' dir='ltr'>nostro</span> <span class='ocrx_word' id='word_1_244' title='bbox 2250 3855 2587 3917; x_wconf 88' lang='lat' dir='ltr'>carissimo</span> <span class='ocrx_word' id='word_1_245' title='bbox 2628 3862 2743 3915; x_wconf 86' lang='lat' dir='ltr'>aut</span> <span class='ocrx_word' id='word_1_246' title='bbox 2785 3852 2977 3912; x_wconf 87' lang='lat' dir='ltr'>etiarn</span> 
     </span>
     <span class='ocr_line' id='line_1_36' title="bbox 731 3960 2981 4043; baseline -0.003 -18"><span class='ocrx_word' id='word_1_247' title='bbox 731 3966 815 4026; x_wconf 91' lang='lat' dir='ltr'>ab</span> <span class='ocrx_word' id='word_1_248' title='bbox 861 3964 999 4025; x_wconf 85' lang='lat' dir='ltr'>aliis</span> <span class='ocrx_word' id='word_1_249' title='bbox 1050 3964 1422 4026; x_wconf 87' lang='lat' dir='ltr'>hominibus</span> <span class='ocrx_word' id='word_1_250' title='bbox 1477 3966 1542 4026; x_wconf 90' lang='lat' dir='ltr'>in</span> <span class='ocrx_word' id='word_1_251' title='bbox 1593 3964 1711 4025; x_wconf 91' lang='lat' dir='ltr'>illis</span> <span class='ocrx_word' id='word_1_252' title='bbox 1762 3964 2050 4043; x_wconf 85' lang='lat' dir='ltr'>partibus</span> <span class='ocrx_word' id='word_1_253' title='bbox 2110 3963 2518 4026; x_wconf 88' lang='lat' dir='ltr'>inferioribus</span> <span class='ocrx_word' id='word_1_254' title='bbox 2567 3960 2981 4023; x_wconf 81' lang='lat' dir='ltr'>existentium</span> 
     </span>
     <span class='ocr_line' id='line_1_37' title="bbox 734 4068 2983 4150; baseline -0.004 -16"><span class='ocrx_word' id='word_1_255' title='bbox 734 4073 1021 4135; x_wconf 91' lang='lat' dir='ltr'>siscitare</span> <span class='ocrx_word' id='word_1_256' title='bbox 1069 4072 1356 4150; x_wconf 90' lang='lat' dir='ltr'>poteritis</span> <span class='ocrx_word' id='word_1_257' title='bbox 1404 4071 1593 4134; x_wconf 91' lang='lat' dir='ltr'>nobis</span> <span class='ocrx_word' id='word_1_258' title='bbox 1642 4073 1873 4134; x_wconf 90' lang='lat' dir='ltr'>vestris</span> <span class='ocrx_word' id='word_1_259' title='bbox 1903 4072 1964 4133; x_wconf 91' lang='lat' dir='ltr'>in</span> <span class='ocrx_word' id='word_1_260' title='bbox 2009 4072 2203 4133; x_wconf 90' lang='lat' dir='ltr'>literis</span> <span class='ocrx_word' id='word_1_261' title='bbox 2242 4069 2687 4132; x_wconf 88' lang='lat' dir='ltr'>commodetis.</span> <span class='ocrx_word' id='word_1_262' title='bbox 2741 4068 2983 4128; x_wconf 87' lang='lat' dir='ltr'>Datum</span> 
     </span>
     <span class='ocr_line' id='line_1_38' title="bbox 741 4175 2983 4259; baseline -0.004 -17"><span class='ocrx_word' id='word_1_263' title='bbox 741 4180 919 4242; x_wconf 90' lang='lat' dir='ltr'>Bude</span> <span class='ocrx_word' id='word_1_264' title='bbox 969 4180 1124 4242; x_wconf 86' lang='lat' dir='ltr'>feria</span> <span class='ocrx_word' id='word_1_265' title='bbox 1165 4188 1352 4242; x_wconf 84' lang='lat' dir='ltr'>sexta</span> <span class='ocrx_word' id='word_1_266' title='bbox 1392 4182 1686 4259; x_wconf 85' lang='lat' dir='ltr'>proxima</span> <span class='ocrx_word' id='word_1_267' title='bbox 1719 4188 1870 4259; x_wconf 90' lang='lat' dir='ltr'>post</span> <span class='ocrx_word' id='word_1_268' title='bbox 1908 4180 2149 4242; x_wconf 85' lang='lat' dir='ltr'>festum</span> <span class='ocrx_word' id='word_1_269' title='bbox 2192 4179 2358 4240; x_wconf 87' lang='lat' dir='ltr'>beati</span> <span class='ocrx_word' id='word_1_270' title='bbox 2396 4178 2556 4239; x_wconf 83' lang='lat' dir='ltr'>Petri</span> <span class='ocrx_word' id='word_1_271' title='bbox 2589 4176 2672 4237; x_wconf 88' lang='lat' dir='ltr'>ad</span> <span class='ocrx_word' id='word_1_272' title='bbox 2704 4175 2983 4236; x_wconf 89' lang='lat' dir='ltr'>vincula.</span> 
     </span>
    </p>

    <p class='ocr_par' dir='ltr' id='par_1_10' title="bbox 736 4280 2985 4458">
     <span class='ocr_line' id='line_1_39' title="bbox 951 4280 2985 4351; baseline -0.004 -4"><span class='ocrx_word' id='word_1_273' title='bbox 951 4285 1183 4348; x_wconf 77' lang='lat' dir='ltr'>Kiviil:</span> <span class='ocrx_word' id='word_1_274' title='bbox 1225 4287 1434 4349; x_wconf 92' lang='lat' dir='ltr'>Nobili</span> <span class='ocrx_word' id='word_1_275' title='bbox 1482 4288 1620 4350; x_wconf 86' lang='lat' dir='ltr'>viro</span> <span class='ocrx_word' id='word_1_276' title='bbox 1666 4287 1946 4349; x_wconf 88' lang='lat' dir='ltr'>Johanni</span> <span class='ocrx_word' id='word_1_277' title='bbox 1995 4288 2165 4351; x_wconf 89' lang='lat' dir='ltr'>dicto</span> <span class='ocrx_word' id='word_1_278' title='bbox 2212 4286 2377 4347; x_wconf 87' lang='lat' dir='ltr'>Zaar</span> <span class='ocrx_word' id='word_1_279' title='bbox 2418 4286 2503 4346; x_wconf 92' lang='lat' dir='ltr'>de</span> <span class='ocrx_word' id='word_1_280' title='bbox 2539 4280 2985 4345; x_wconf 79' lang='lat' dir='ltr'>Thamasolch</span> 
     </span>
     <span class='ocr_line' id='line_1_40' title="bbox 736 4394 1517 4458; baseline 0.001 -1"><span class='ocrx_word' id='word_1_281' title='bbox 736 4396 926 4458; x_wconf 91' lang='lat' dir='ltr'>nobis</span> <span class='ocrx_word' id='word_1_282' title='bbox 973 4394 1220 4458; x_wconf 87' lang='lat' dir='ltr'>sincere</span> <span class='ocrx_word' id='word_1_283' title='bbox 1268 4396 1517 4458; x_wconf 82' lang='lat' dir='ltr'>dilectO.</span> 
     </span>
    </p>

    <p class='ocr_par' dir='ltr' id='par_1_11' title="bbox 955 4516 2754 4584">
     <span class='ocr_line' id='line_1_41' title="bbox 955 4516 2754 4584; baseline -0.001 -17"><span class='ocrx_word' id='word_1_284' title='bbox 955 4518 1175 4581; x_wconf 83' lang='lat' dir='ltr'>Eredeti,</span> <span class='ocrx_word' id='word_1_285' title='bbox 1214 4520 1380 4584; x_wconf 81' lang='lat' dir='ltr'>papir,</span> <span class='ocrx_word' id='word_1_286' title='bbox 1417 4518 1646 4569; x_wconf 65' lang='lat' dir='ltr'>zdtlatim</span> <span class='ocrx_word' id='word_1_287' title='bbox 1683 4517 2031 4584; x_wconf 66' lang='lat' dir='ltr'>papirsiilzeti&#39;i</span> <span class='ocrx_word' id='word_1_288' title='bbox 2071 4516 2337 4583; x_wconf 84' lang='lat' dir='ltr'>pecse&#39;ttel.</span> <span class='ocrx_word' id='word_1_289' title='bbox 2380 4518 2449 4569; x_wconf 80' lang='lat' dir='ltr'>M.</span> <span class='ocrx_word' id='word_1_290' title='bbox 2490 4517 2550 4570; x_wconf 89' lang='lat' dir='ltr'>N.</span> <span class='ocrx_word' id='word_1_291' title='bbox 2590 4516 2662 4569; x_wconf 88' lang='lat' dir='ltr'>M.</span> <span class='ocrx_word' id='word_1_292' title='bbox 2702 4519 2754 4567; x_wconf 80' lang='lat' dir='ltr'>lt.</span> 
     </span>
    </p>
   </div>
   <div class='ocr_carea' id='block_1_10' title="bbox 2998 0 3468 5168">
    <p class='ocr_par' dir='ltr' id='par_1_12' title="bbox 2998 0 3468 5168">
     <span class='ocr_line' id='line_1_42' title="bbox 2998 0 3468 5168; baseline 0 0"><span class='ocrx_word' id='word_1_293' title='bbox 2998 0 3468 5168; x_wconf 95' lang='lat' dir='ltr'> </span> 
     </span>
    </p>
   </div>
  </div>
 </body>
</html>
