3475 5200
1599 285 1989 338 -178—

668 508 887 571 missis
932 506 1087 567 iuris
1135 506 1483 585 equitatem
1534 505 1753 586 petivit
1809 505 2134 586 impartiri,
2182 505 2357 567 unde
2415 505 2568 583 quia
2610 522 2698 567 ex
2744 506 2915 567 dicta

667 615 973 677 relatione
1044 615 1247 694 ipsius
1319 613 1599 676 hominis
1664 614 1868 676 nostri
1944 613 2326 693 prelibatum
2404 610 2768 693 Symonem
2837 614 2918 676 de

669 723 901 784 Palocz
948 723 1394 802 prescriptum
1459 739 1656 783 suurn
1727 722 2161 783 iuramentum
2234 721 2777 800 quinquagesimo
2843 738 2917 783 se

668 829 992 892 nobilibus
1038 829 1124 890 ad
1170 835 1368 910 caput
1408 829 1699 891 annotati
1756 828 2075 891 Johannis
2122 829 2204 890 de
2252 828 2509 891 Chahol
2554 829 2737 890 iuxta
2775 846 2914 908 pre·

668 936 937 998 missam
986 943 1290 999 nostram
1327 936 1720 998 iudiciariam
1770 936 2303 1011 commissionem
2343 937 2617 998 termino
2662 942 2726 998 et
2770 938 2915 997 loco

667 1045 731 1106 in
779 1043 1080 1125 predictis
1128 1051 1199 1106 ut
1245 1044 1582 1108 debuisset
1629 1045 1744 1106 rite
1793 1051 1856 1105 et
1902 1044 2207 1124 legittime
2262 1044 2652 1124 deposuisse
2701 1060 2914 1124 perce·

666 1153 885 1232 pimus
914 1151 1257 1214 evidenter.
1293 1152 1396 1214 Ob
1431 1152 1557 1213 hoc
1591 1153 1762 1213 idem
1790 1152 2128 1215 Johannes
2161 1152 2243 1214 de
2274 1152 2549 1229 Chahol,
2584 1151 2914 1231 premissis

666 1260 805 1322 suis
849 1260 1107 1322 actibus
1140 1260 1537 1338 potentiatiis
1567 1266 1631 1322 et
1663 1259 2100 1340 dampnorum
2134 1260 2524 1326 illationibus
2556 1277 2670 1339 per
2700 1260 2912 1338 ipsum

673 1367 1210 1446 modoquosuper
1255 1367 1444 1429 factis
1482 1368 1546 1429 in
1589 1368 1763 1429 sacto
1796 1368 2081 1447 potentie
2113 1385 2196 1429 ex
2223 1383 2440 1446 eoque
2485 1367 2548 1429 in
2599 1366 2914 1428 sententia

667 1475 919 1554 capitali
969 1481 1033 1535 et
1061 1475 1141 1535 vin
1177 1475 1499 1537 solutione
1529 1475 1850 1538 dictorum
1884 1477 2342 1555 dampnorum,
2384 1475 2450 1536 in
2484 1475 2911 1537 conbustione

665 1582 981 1642 dictarum
1050 1581 1549 1660 possessionum
1606 1583 2060 1661 ablationeque
2116 1582 2444 1661 pecudum
2492 1589 2557 1644 et
2604 1599 2909 1661 pecorum

664 1706 742 1750 ac
787 1689 1165 1751 animalium
1211 1706 1471 1751 necnon
1520 1691 1791 1752 aliarum
1848 1707 2061 1752 rerum
2110 1697 2174 1751 et
2220 1690 2546 1751 bonorum
2596 1690 2908 1752 dictorum

665 1796 1087 1875 iobagionum
1127 1795 1334 1876 ipsius
1365 1795 1675 1876 Symonis
1708 1797 1790 1859 de
1823 1798 2057 1859 Palocz
2100 1797 2635 1877 possessionibus
2683 1798 2745 1859 in
2776 1814 2909 1877 pre-

664 1902 850 1965 dictis
898 1904 1441 1966 commorantium
1493 1922 1606 1984 per
1652 1906 1867 1985 ipsum
1924 1905 2292 1967 Johannem
2342 1906 2424 1967 de
2472 1905 2725 1969 Chahol
2783 1904 2908 1966 sac·

664 2018 876 2071 tarum
925 2018 989 2072 et
1035 2012 1457 2089 irrogatarum
1507 2014 1821 2075 commuti
1872 2021 1936 2076 et
1981 2013 2274 2093 agravari
2322 2014 2557 2078 debere
2605 2013 2794 2075 nobis
2830 2030 2907 2073 ac

663 2119 893 2180 ceteris
946 2119 1302 2182 baronibus
1368 2126 1431 2181 et
1497 2120 1673 2199 regni
1740 2120 2066 2182 nobilibus
2128 2121 2472 2183 nobiscum
2544 2121 2606 2181 in
2679 2120 2907 2182 iudicio

662 2227 1089 2289 existentibus
1152 2229 1634 2306 agnoscebatur
1698 2244 1815 2307 pro
1885 2245 1984 2305 e0‚
2034 2227 2414 2290 eorumdem
2471 2229 2789 2290 baronum
2847 2235 2909 2289 et

664 2335 838 2413 regni
888 2335 1217 2410 nobilium,
1270 2336 1377 2413 qui
1428 2336 1600 2397 ducti
1650 2336 1921 2397 consilio
1961 2342 2334 2414 prematuro
2367 2335 2486 2416 ipsi
2520 2334 2792 2413 Symoni
2826 2337 2905 2396 de

665 2442 898 2503 Palocz
947 2460 1063 2520 pro
1112 2442 1499 2504 rehabendis
1548 2449 1611 2504 et
1657 2442 2118 2521 recuperandis
2184 2441 2552 2522 prescriptis
2608 2441 2910 2521 dampnis

663 2567 777 2630 per
800 2548 1042 2611 dictum
1070 2549 1437 2612 Johannem
1471 2550 1670 2612 modo
1702 2551 2024 2630 premisso
2045 2549 2252 2627 sactiS‚
2280 2567 2413 2629 quo
2433 2550 2517 2613 ad
2545 2550 2906 2630 portionem

663 2657 955 2718 eiusdem
1006 2656 1326 2719 Johannis
1375 2657 1756 2720 cedentibus
1814 2659 2272 2735 iuramentum,
2320 2667 2545 2721 contra
2601 2658 2906 2720 eumdem

663 2765 1028 2828 Johannem
1077 2783 1190 2844 per
1236 2766 1398 2826 alias
1445 2766 1660 2827 literas
1725 2774 1986 2828 nostras
2033 2766 2306 2827 termino
2372 2770 2436 2826 et
2500 2765 2667 2841 loc0‚
2714 2765 2908 2826 literis

660 2873 723 2934 in
771 2872 1014 2934 eisdem
1067 2872 1405 2935 declaratis
1454 2873 1917 2953 deponendum
1973 2873 2420 2934 adiudicantes
2482 2874 2907 2951 nolentesque

663 2980 865 3059 ipsius
911 2980 1230 3042 Johannis
1278 2981 1359 3042 de
1408 2980 1662 3042 Chahol
1729 2981 2081 3060 premissas
2144 2987 2334 3042 actus
2381 2979 2798 3060 potentiarias
2844 2986 2909 3041 et

663 3088 1097 3167 dampnorum
1165 3088 1481 3150 illationes
1548 3106 1661 3167 per
1735 3089 1948 3168 ipsum
2025 3088 2558 3168 modoquosuper
2622 3093 2908 3166 patratas

665 3240 1207 3258 .........
1260 3195 1360 3256 alii
1409 3197 1493 3257 ab
1526 3197 1669 3274 ipso
1701 3196 2046 3275 exemplati
2094 3196 2180 3257 ad
2213 3195 2441 3257 similia
2480 3195 2651 3256 faeta
2680 3200 2906 3273 poten—

660 3303 838 3363 tiaria
886 3303 1314 3382 perpetranda
1381 3320 1452 3364 se
1518 3319 1869 3382 apponere,
1929 3312 2445 3383 presumpmant,
2504 3301 2622 3364 sed
2689 3302 2908 3381 potius

659 3409 901 3471 afflicto
951 3410 1243 3472 eiusdem
1275 3411 1522 3489 penalis
1551 3412 1872 3489 quoslibet
1904 3412 2066 3474 alios
2099 3414 2182 3472 ab
2229 3410 2605 3473 huiusmodi
2637 3417 2905 3471 actuum

661 3519 1185 3594 potentiariorum
1246 3518 1787 3597 perpetrationem
1841 3563 2453 3582 ..........
2513 3535 2640 3597 que
2699 3525 2903 3579 trans-

660 3630 764 3685 eat
810 3623 872 3685 in
903 3626 1300 3704 exemplum,
1335 3626 1642 3687 eumdem
1673 3625 2041 3687 Johannem
2075 3626 2156 3687 de
2190 3624 2444 3686 Chahol
2476 3624 2540 3685 in
2573 3624 2906 3704 premissis

657 3732 911 3793 actibus
959 3733 1096 3794 suis
1136 3733 1531 3812 potentiariis
1564 3741 1625 3795 et
1659 3734 2095 3812 dampnorum
2127 3732 2514 3796 illationibus
2546 3749 2661 3812 per
2689 3733 2904 3812 ipsum

660 3838 1194 3919 modoquosuper
1241 3841 1429 3904 factis
1476 3841 1541 3902 in
1590 3841 1762 3903 dicto
1809 3841 1983 3902 facto
2031 3840 2314 3920 potentie
2361 3857 2445 3902 ex
2491 3857 2704 3919 eoque
2753 3889 2766 3903 .
2820 3889 2832 3901 .
2889 3888 2902 3901 .

663 3993 1073 4010 .......
1125 3949 1577 4010 universorum
1619 3949 1850 4011 iurium
1883 3948 2548 4028 possessionariorum
2581 3965 2659 4009 ac
2688 3965 2901 4010 rerum

663 4103 1144 4118 ........
1196 4057 1519 4118 bonorum
1584 4056 2015 4134 quorumlibet
2070 4056 2333 4117 ubilibet
2380 4054 2542 4117 inter
2587 4055 2901 4116 ambitum

658 4165 836 4242 regni
885 4163 1214 4243 Hungarie
1262 4164 1675 4225 existentium
1724 4165 1941 4243 ipsum
1989 4165 2201 4225 solum
2245 4163 2496 4242 proprie
2544 4171 2606 4224 et
2654 4161 2899 4240 precise

660 4272 1183 4333 concernentium
1243 4272 1306 4333 in
1366 4273 1624 4334 duabus
1676 4317 2619 4334 ...............
2674 4289 2714 4350 p
2855 4269 2897 4329 ti

659 4377 968 4456 Symonis
1016 4379 1095 4440 de
1142 4379 1374 4441 Palocz
1407 4380 1623 4458 partis
1689 4379 1929 4441 scilicet
1984 4379 2258 4440 adverse
2312 4377 2618 4453 manibus
2682 4267 3261 4563 dg&

655 4486 1015 4547 vendarum
1065 4493 1125 4547 et
1173 4487 1745 4550 redundandarum
1804 4487 2172 4548 convictum
2222 4492 2284 4547 et
2331 4494 2714 4564 agravatum
2763 4486 2903 4549 sore
