3475 5200
1723 341 2114 394 ——252—

791 569 1015 626 nostra
1063 578 1140 623 ac
1185 559 1471 640 prelibati
1528 559 1772 624 domini
1839 557 2153 641 Stephani
2219 561 2429 625 fratris
2493 562 2716 641 nostri,
2784 571 3036 627 nostro·

793 686 1070 749 rumque
1135 667 1449 732 heredum
1515 667 1810 731 omnium
1875 669 2380 732 contradictione
2444 669 2585 732 sine
2640 670 2817 733 omni
2863 673 3039 734 nulla

793 775 1061 840 omnino
1095 792 1293 855 super
1332 773 1596 855 prefatis
1620 774 1870 852 castriS,
1906 775 2227 854 dominiis,
2254 777 2616 840 civitatibus
2640 796 2719 840 ac
2749 778 3037 858 ipsorum

795 883 1191 966 pertinentiis
1253 890 1318 944 et
1383 881 1805 963 proventibus
1869 882 2134 945 dominii
2191 885 2664 964 proprietatem,
2732 885 3039 948 iustitiam

794 1009 1009 1073 neque
1055 990 1532 1071 prerogativam
1578 987 1927 1068 aliqualem
1976 990 2167 1053 nobis
2214 991 2582 1069 retinenteS,
2630 1009 2859 1071 ymmo
2914 1010 3040 1078 nos

794 1099 1142 1179 ipsumque
1208 1097 1468 1159 fratrem
1538 1105 1834 1160 nostrum
1901 1115 1980 1159 ac
2045 1098 2320 1161 heredes
2387 1106 2650 1162 nostros
2713 1101 2797 1161 ab
2863 1101 3039 1163 omni

794 1206 1229 1270 iurisdictione
1277 1222 1477 1284 super
1521 1204 1752 1266 castris
1799 1220 1927 1282 que
1986 1204 2175 1267 nobis
2239 1205 2668 1285 impignorata
2731 1208 3037 1282 existunt,

794 1331 1051 1377 necnon
1119 1330 1319 1392 super
1381 1311 1723 1374 medietate
1791 1312 2065 1374 aliorum
2130 1320 2589 1392 proventuum,
2655 1332 2785 1394 que
2848 1315 3040 1378 nobis

793 1423 1010 1485 solum
1052 1420 1389 1500 temporali
1419 1419 1552 1481 vita
1598 1419 1789 1481 nobis
1819 1419 2054 1481 comite
2086 1419 2391 1499 inscripta
2422 1427 2487 1482 et
2517 1419 2830 1501 deputata
2862 1431 3036 1499 sunt,

794 1528 1255 1606 censibusque,
1304 1526 1656 1589 redditibus
1709 1543 1792 1587 ac
1855 1525 2249 1605 pertinentiis
2295 1526 2654 1590 eorundem
2719 1529 3041 1593 universis

794 1633 1008 1715 usque
1046 1634 1213 1697 adeo
1246 1633 1468 1696 habita
1499 1633 1760 1713 penitus
1805 1633 2278 1712 sequestrando
2316 1641 2379 1695 et
2410 1634 2633 1714 vigore
2664 1636 3037 1699 huiusmodi

796 1742 1247 1821 resignationis
1294 1740 1597 1821 pretactis
1646 1740 1927 1803 dominis
1972 1739 2253 1803 Johanni
2300 1740 2571 1821 Zagorie
2637 1744 2854 1806 comiti
2915 1751 3036 1808 ete.

794 1847 1214 1929 Sigismundo
1279 1853 1344 1909 et
1410 1847 1756 1909 Balthazar
1819 1847 2121 1909 fratribus
2178 1848 2259 1910 de
2314 1848 2770 1929 Weyspriach,
2835 1851 3039 1914 omni-

791 1958 1049 2036 busque
1095 1963 1161 2019 et
1205 1956 1473 2034 singulis
1520 1955 1868 2018 heredibus
1925 1954 2282 2017 eorundem
2329 1956 2492 2018 serie
2540 1958 2933 2036 presentium
2976 1965 3040 2020 et

793 2077 874 2127 ex
921 2071 1096 2126 certa
1142 2063 1634 2125 nostrascientia
1679 2080 1795 2142 per
1840 2079 1967 2125 nos
2012 2062 2182 2125 facte
2228 2062 2667 2128 abstrahendo
2731 2066 3037 2128 duximus

792 2172 1062 2235 omnino
1109 2170 1491 2233 alienandos
1537 2177 1601 2231 et
1641 2169 1729 2231 de
1777 2170 1952 2233 facto
2000 2171 2307 2248 privatos.
2359 2170 2482 2233 Pro
2530 2190 2811 2250 quorum
2858 2173 3033 2235 omni

792 2278 1101 2359 rependio
1150 2276 1428 2339 iamdicti
1476 2276 1721 2339 domini
1769 2276 2086 2340 Johannis
2133 2277 2405 2357 Zagorie
2460 2296 2686 2341 comes
2734 2287 2798 2342 et
2844 2278 3034 2359 Sigis-

794 2386 1082 2448 mundus
1129 2393 1192 2448 et
1239 2384 1580 2446 Balthazar
1627 2384 1710 2446 de
1758 2383 2191 2465 Weyspriach
2236 2387 2527 2465 germani
2574 2393 2639 2448 et
2684 2388 2749 2449 in
2796 2395 3032 2450 sortem

793 2493 1246 2573 persolutionis
1310 2492 1709 2572 prefatorum
1758 2500 2140 2568 castrorum,
2198 2493 2653 2570 dominiorum,
2710 2494 3036 2556 civitatum

792 2608 856 2663 et
902 2608 1338 2681 proventuum
1394 2602 1684 2681 ipsorum
1733 2607 1805 2661 ut
1851 2601 2167 2681 prefertur
2213 2601 2404 2664 nobis
2460 2602 3033 2682 impignoratorum

792 2726 871 2770 ac
937 2707 1305 2770 reddituum
1372 2716 1664 2788 tempore
1711 2708 1841 2770 vite
1889 2715 2107 2771 nostre
2174 2707 2569 2772 donatorum
2614 2711 3036 2789 omniumque

792 2824 1168 2877 nostrorum
1235 2831 1316 2875 ac
1381 2815 1585 2895 ipsius
1650 2815 1893 2877 domini
1942 2814 2256 2894 Stephani
2303 2816 2514 2878 fratris
2561 2818 2762 2879 nostri
2808 2817 3039 2880 iurium

792 2940 908 3003 per
953 2940 1078 2985 nos
1125 2940 1323 3002 super
1368 2921 1613 2984 eisdem
1679 2923 2053 2986 habitorum
2119 2924 2249 2984 hoc
2301 2922 2404 2985 die
2450 2924 2600 2986 date
2645 2924 3040 3002 presentium

792 3031 856 3091 in
904 3037 1204 3111 prompta
1249 3030 1527 3109 pecunia
1575 3029 2228 3108 sexagintaduomilia
2276 3031 2672 3093 florenorum
2719 3031 2862 3093 auri
2901 3032 3040 3112 puri

793 3136 1246 3216 Hungaricalis
1309 3143 1373 3198 et
1419 3136 1821 3199 Venetorum
1886 3145 2149 3200 monete
2212 3137 2366 3200 boni
2424 3144 2488 3200 et
2541 3137 2690 3199 iusti
2736 3137 3042 3217 ponderis

793 3247 1243 3325 persolverunt
1268 3253 1331 3306 et
1354 3244 1440 3306 ad
1464 3262 1704 3307 manus
1734 3251 2003 3306 nostras·
2028 3244 2365 3322 dederunt,
2399 3262 2657 3324 nosque
2687 3252 2754 3307 et
2779 3245 3043 3307 fratrem

795 3359 1091 3415 nostrum
1139 3350 1480 3413 dominum
1528 3350 1939 3430 Stephanum
1988 3351 2335 3430 despotum
2367 3359 2487 3413 etc.
2523 3369 2720 3432 super
2764 3352 2874 3414 tali
2905 3369 3042 3432 per·

795 3459 1116 3521 solutione
1163 3459 1363 3521 modo
1411 3464 1475 3519 et
1521 3459 1582 3519 in
1632 3459 1926 3520 futurum
1958 3458 2361 3520 sufficientes
2391 3458 2775 3521 reddiderint
2814 3459 3046 3539 pariter

795 3572 857 3626 et
934 3573 1295 3627 contentos.
1362 3565 1432 3627 In
1487 3583 1767 3644 quorum
1843 3566 2308 3646 premissorum
2385 3566 2680 3628 omnium
2754 3566 3047 3630 testimo·

796 3671 974 3733 nium
1009 3690 1134 3734 nos
1166 3691 1282 3751 pro
1295 3690 1385 3759 ‚se
1418 3691 1497 3735 ac
1527 3680 1893 3736 memorato
1919 3672 2111 3734 fratre
2143 3680 2367 3735 nostro
2393 3672 2660 3735 domino
2685 3670 3044 3753 Stephano,

796 3780 987 3842 cuius
1040 3797 1212 3842 onus
1258 3781 1321 3841 in
1370 3781 1703 3859 premissis
1768 3781 2146 3842 tractatibus
2193 3786 2266 3841 ut
2310 3779 2625 3860 prefertur
2685 3781 3047 3862 assumpsi-

797 3902 968 3963 ῐηυε,
1018 3886 1456 3964 omnibusque
1489 3886 1840 3949 heredibus
1884 3886 2125 3949 nostris
2156 3885 2420 3966 prefatis
2453 3886 2732 3949 dominis
2762 3886 3049 3950 Johanni

796 3993 1085 4072 Zagorie,
1136 3993 1353 4055 comiti
1400 4002 1520 4055 etc.
1569 3991 1991 4073 Sigismundo
2026 4002 2090 4055 et
2122 3994 2465 4056 Balthazar
2497 3994 2578 4056 de
2610 3993 3049 4074 Weyspriach

797 4099 1099 4161 fratribus
1131 4100 1415 4178 uteriniS,
1466 4100 1889 4180 ipsorumque
1921 4098 2269 4163 heredibus
2300 4101 2621 4163 universis
2652 4103 2776 4164 has
2804 4102 3051 4165 litteras

797 4214 1056 4269 nostras
1121 4206 1302 4286 sigilli
1370 4209 1568 4271 nostri
1615 4208 1852 4287 proprii
1900 4208 2302 4287 appensione
2364 4208 2802 4271 communitas
2849 4208 3053 4272 dona-

796 4312 1013 4375 vimus
1077 4331 1157 4375 ac
1222 4314 1462 4394 elargiti
1510 4332 1764 4389 sumu5‚
1817 4332 1898 4376 ac
1944 4332 2060 4394 pro
2105 4315 2400 4376 uberiore
2447 4332 2662 4378 rerum
2712 4322 3053 4395 gestarum

798 4419 1174 4483 certitudine
1222 4427 1288 4482 et
1333 4422 1633 4484 firmitate
1682 4421 2015 4502 egregium
2064 4428 2129 4483 et
2176 4428 2515 4484 strenuum
2549 4414 2812 4485 milit‘em
2846 4423 3052 4487 domi-

798 4544 959 4589 num
992 4529 1318 4590 Andream
1353 4529 1641 4609 Kreyger
1672 4529 2109 4592 consiliarium
2140 4536 2205 4591 et
2236 4529 2495 4591 fidelem
2528 4536 2826 4593 nostrum
2859 4530 3053 4593 dilec-
