3475 5200
1771 353 2159 404 —142—

844 574 1075 635 eedem
1146 577 1361 652 partes
1429 573 1701 634 totaliter
1764 571 1983 633 ditioni
2030 589 2270 633 corone
2326 571 2523 634 huius
2592 573 3084 653 subiungantur.

847 680 1128 742 Demum
1195 684 1266 740 ut
1330 679 1514 758 plura
1589 679 1765 740 brevi
1849 679 2463 758 conprehendamus
2533 696 2855 758 sermone,
2912 683 3087 743 venit

847 787 1339 865 viceimperator
1384 784 1752 848 Turcorum
1811 787 1920 863 qui
1968 787 2160 848 bassa
2213 788 2644 849 communiter
2674 796 3090 868 nuncupatur

845 895 1065 956 multis
1109 894 1380 974 paganis
1409 893 1802 973 principibus
1841 901 1904 955 et
1938 894 2266 972 octoginta
2299 894 2542 956 milium
2576 895 2804 975 digesti
2838 897 3085 957 numeri

842 1002 1156 1064 suffultus
1191 1000 1494 1077 exercitu,
1532 1001 1708 1062 hunc
1741 1002 2173 1063 antefatarum
2202 1002 2478 1081 partium
2509 1002 3085 1083 Transalpinamm

839 1109 1167 1172 crudelius
1233 1108 1500 1188 predam
1567 1116 1871 1186 agentem
1937 1116 2407 1189 supranotatus
2470 1117 2694 1173 noster
2758 1112 3084 1189 wayvoda

840 1216 1203 1280 animosius
1267 1216 1434 1277 bello
1501 1215 1843 1294 agreditur.
1916 1215 2013 1277 Fit
2076 1233 2159 1277 ex
2205 1209 2530 1278 concursu
2588 1225 2818 1279 mutuo
2865 1236 3086 1297 pugna

844 1323 1142 1387 hincinde
1169 1323 1541 1403 asperrima,
1566 1323 1764 1384 oritur
1796 1323 2010 1400 cedeS,
2043 1323 2430 1403 franguntur
2449 1324 2624 1387 acies
2645 1331 3085 1404 constansque

840 1435 1026 1495 letale
1090 1430 1361 1511 prelium
1430 1431 1512 1491 ad
1588 1448 1933 1510 vesperam
2001 1447 2213 1510 usque
2281 1433 2603 1511 perdurat,
2653 1433 2763 1494 ubi
2818 1432 3081 1494 tandem

839 1538 1132 1603 altissimi
1182 1544 1575 1619 cooperante
1624 1537 1889 1599 dextera
1936 1538 2147 1600 finalis
2195 1540 2338 1601 belli
2387 1548 2665 1602 eventus
2714 1547 3081 1602 nostrorum

841 1647 1242 1729 prosperitati
1283 1645 1532 1707 accedit
1578 1651 1642 1707 et
1689 1663 1846 1707 mox
1890 1646 2038 1707 victi
2073 1646 2379 1727 fugantur
2411 1648 2639 1709 hostes
2671 1648 3081 1727 predatisque

840 1756 904 1816 in
954 1755 1220 1834 predam
1286 1754 1537 1814 dantur.
1607 1753 1708 1813 Ad
1778 1744 2057 1832 quorum
2124 1754 2376 1816 cladem
2443 1755 2652 1833 magis
2709 1756 2976 1817 uberem
3023 1764 3084 1816 et

845 1880 958 1942 per
1004 1861 1110 1923 via
1155 1862 1249 1923 eis
1297 1861 1567 1921 flumina
1625 1877 1757 1922 non
1825 1878 2053 1939 parum
2121 1861 2670 1942 suffragabantur,
2720 1880 2873 1923 nam
2929 1861 3086 1942 fuga

842 1975 1135 2031 recentes
1183 1967 1467 2047 precipiti
1497 1985 1629 2029 non
1659 1967 2003 2046 pauciores
2036 1968 2214 2029 unda
2248 1975 2815 2047 necantursquam
2848 1969 3079 2048 gladio,

841 2076 1098 2157 Quibus
1122 2081 1263 2137 tum
1288 2075 1483 2136 rebus
1509 2076 1785 2154 peractis
1812 2075 2073 2136 feliciter
2100 2092 2183 2136 ex
2214 2082 2348 2137 tam
2383 2093 2838 2155 prosperarum
2872 2094 3078 2138 rerum

839 2183 1175 2246 affluentia
1196 2182 1558 2245 sollicitudo
1587 2181 1882 2244 eiusdem
1915 2184 2114 2244 nostri
2148 2183 2474 2262 wayvode
2496 2184 2759 2246 minime
2783 2191 3080 2264 corrupta

841 2291 1131 2371 intepuit,
1203 2291 1589 2369 quinymmo
1647 2290 1832 2368 plura
1876 2289 2167 2369 pluribus
2214 2292 2629 2353 accumulare
2671 2290 2899 2352 sitiens
2952 2309 3077 2352 non

845 2400 1046 2460 multo
1080 2415 1162 2459 ex
1192 2404 1339 2476 post
1368 2397 1617 2458 dierum
1666 2397 1949 2457 decursu
1998 2414 2172 2458 nova
2221 2405 2443 2460 nostro
2492 2397 2714 2460 favore
2751 2399 3082 2460 recollecta

847 2506 1134 2585 potentia
1179 2505 1495 2565 subintrat
1528 2504 1735 2583 primo
1767 2520 2041 2582 regnum
2074 2490 2403 2583 Bulgarieg
2441 2505 2550 2566 ubi
2609 2505 2833 2567 civitas
2862 2504 3081 2566 Bidinii

841 2632 996 2675 cum
1064 2611 1670 2675 circumiacentibus
1735 2613 1977 2673 tenutis
2043 2613 2459 2692 amplissimis
2524 2619 2589 2674 et
2653 2613 2882 2676 deinde
2946 2614 3082 2675 vice

842 2722 1042 2781 altera
1099 2736 1250 2781 cum
1318 2719 1666 2797 magnifico
1731 2717 2003 2781 Nicolao
2067 2721 2522 2799 conwayvoda
2586 2736 2712 2783 suo
2774 2721 3081 2782 invadunt

844 2835 1060 2906 partes
1106 2825 1319 2888 Vzure
1358 2834 1422 2888 et
1463 2826 1711 2904 Rascie,
1754 2827 1817 2888 in
1852 2828 2089 2905 quibus
2121 2829 2391 2907 plurime
2424 2827 2766 2891 facultates
2800 2829 3078 2891 hostiurn

845 2933 1217 3014 domusque
1265 2940 1327 2995 et
1376 2933 1749 2996 diverticula
1796 2933 1941 3013 igne
1984 2941 2238 2997 vastata
2271 2934 2471 3012 fuere,
2504 2936 2566 2996 in
2601 2952 2752 2998 eum
2786 2937 3080 3016 precipue

842 3042 1064 3117 finem,
1113 3049 1184 3102 ut
1234 3058 1345 3121 per
1413 3041 1478 3102 id
1542 3041 1861 3103 minorata
1929 3043 2232 3104 facultate
2290 3045 2775 3107 adversantium
2823 3044 3081 3106 debilior

841 3149 1120 3227 supersit
1169 3148 1400 3210 emulis
1448 3165 1719 3225 regnum
1769 3149 1897 3209 hoc
1945 3149 2367 3228 impugnandi
2417 3150 2749 3212 audacia.“

1059 3308 1280 3369 Eredeti‚
1318 3306 1516 3372 hartya,
1574 3304 1739 3372 ffigg6
1785 3305 2015 3371 pecsetje
2055 3310 2319 3359 elveszett.
2362 3308 2430 3359 M.
2473 3309 2536 3359 Ο.
2576 3308 2635 3359 D.
2681 3271 2966 3361 L.⁴1'3718.
3006 3324 3081 3358 sz.

1693 3524 1698 3531 ’
1764 3602 1787 3643 ,
1873 3562 2062 3625 ccv,

1496 3820 1501 3825 ‚
1551 3749 1768 3825 Bada,
1818 3747 2012 3813 1443.
2061 3748 2212 3832 cipr.
2258 3722 2366 3813 ΞΟ.

845 3911 1165 3960 Brankovics
1194 3909 1414 3974 Gybrgy
1453 3908 1570 3960 racz
1600 3911 1874 3973 deszpota‚
1909 3910 2153 3975 Hunyadi
2175 3909 2336 3960 Janos
2374 3909 2569 3976 erdelyi
2595 3911 2753 3975 vajda
2787 3906 3081 3968 kerelmere,

844 3998 1394 4063 Kozep·Szolnokban
1434 3998 1595 4049 fekvo'
1627 3997 1815 4049 Paczin
1855 3997 1912 4049 es
1953 4000 2191 4051 Korocsa
2228 4001 2475 4051 birtokait
2511 3998 2854 4065 Kistarkanyi
2891 3998 3081 4049 Βόηθε·

840 4091 942 4140 nek
999 4088 1056 4139 es
1115 4086 1464 4139 testvereinek
1510 4087 1569 4139 es
1607 4091 1813 4153 Apagyi
1855 4087 2123 4139 Jimosnak
2168 4087 2569 4154 adomimyozza
2621 4090 2863 4156 jutalmul
2899 4105 2931 4139 a
2966 4089 3081 4138 neki

1381 4175 1439 4227 es
1479 4177 1664 4241 fianak‚
1708 4175 1975 4229 Lixzatnak
2013 4182 2108 4228 tett
2146 4177 2568 4244 sz‘olgalatokert.

1056 4325 1197 4388 Nos
1219 4324 1540 4405 Georgius
1566 4326 1666 4388 dei
1687 4325 1892 4404 gratia
1923 4326 2097 4407 regni
2132 4326 2358 4389 Rascie
2389 4326 2706 4406 despotus
2730 4332 2794 4387 et
2814 4327 3082 4388 Albanie

839 4431 1148 4495 dominus
1196 4440 1317 4495 ete.
1354 4432 1599 4495 Notum
1634 4434 1914 4495 facimus
1946 4441 2008 4496 et
2043 4433 2462 4497 manifestum
2494 4433 2815 4509 universis
2848 4433 3082 4512 quibus

838 4540 1100 4621 expedit
1148 4547 1370 4602 tenore
1419 4542 1814 4620 presentium
1846 4542 2307 4621 significanteS,
2357 4541 2535 4620 quod
2582 4543 2667 4603 ad
2712 4543 3081 4604 instantiam
