3475 5200
646 3902 750 3942 iffi?

606 3974 702 4026 ian.
734 3974 802 4014 ΕΤ,

1737 272 1985 337 -300
2059 303 2129 313 -.

1795 545 2076 627 coxvr

1497 776 2385 860 Effafflz1fflm.ssm.2z

810 972 1150 1037 Fraylekovi6
1207 972 1398 1024 Miklds
1454 956 1678 1025 kotelezi
1732 972 1925 1039 magnit,
1980 975 2128 1040 hogy
2182 990 2245 1026 az
2303 978 2426 1040 apja
2462 973 2520 1026 es
2561 975 2882 1026 Brankovics
2944 975 3058 1026 Vult

1016 1063 1275 1127 deszpota
1312 1064 1438 1113 kozt
1473 1062 1751 1115 senniuott
1788 1061 2105 1129 egyezseget
2143 1063 2176 1114 6
2215 1067 2259 1115 is
2299 1080 2418 1130 meg
2455 1065 2602 1130 fogia
2639 1066 2844 1119 tas-tani.

1024 1242 1170 1323 Ego
1212 1243 1522 1308 Nicolaus
1561 1244 2054 1325 Fraylehowich
2094 1247 2324 1324 dictuS,
2376 1255 2570 1309 natus
2619 1247 2852 1309 nobilis
2897 1247 3059 1309 Petri

814 1350 1306 1429 Fraylehowich
1358 1352 1439 1413 de
1473 1351 1752 1414 Gradiza
1799 1353 2025 1432 fateor,
2074 1371 2180 1415 me
2208 1372 2360 1415 cum
2394 1353 2744 1433 magnifico
2792 1354 3059 1416 domino

814 1457 1161 1519 Francisco
1210 1458 1458 1520 Berizlo
1501 1460 1676 1521 bano
1724 1460 1805 1522 de
1851 1460 2096 1539 Jaycza
2142 1479 2220 1523 ac
2268 1478 2421 1524 cum
2477 1461 2743 1525 domina
2776 1461 3060 1524 Barbara

810 1571 1117 1628 consorte
1182 1565 1477 1627 eiusdem
1524 1566 2020 1646 dispositionem
2084 1568 2278 1642 illam,
2339 1586 2537 1647 quam
2587 1568 2801 1631 dictus
2847 1586 3058 1647 quon-

810 1673 964 1734 dam
1011 1673 1263 1751 genitor
1309 1690 1499 1735 meus
1547 1691 1697 1736 curn
1747 1673 1966 1737 illustri
2010 1676 2190 1738 Wok
2237 1672 2518 1755 dezpoto
2566 1693 2649 1737 ex
2696 1683 2877 1755 parte
2921 1693 3056 1756 pre-

810 1780 1027 1842 diatus
1092 1780 1173 1842 de
1240 1771 1520 1843 Gradiza
1569 1781 1827 1871 fecerat,
1893 1800 1973 1844 ac
2027 1783 2287 1845 tandem
2337 1789 2487 1862 post
2533 1782 2883 1845 decessum
2930 1780 3059 1843 dic-

814 1897 1031 1975 torum
1058 1888 1393 1967 quondam
1418 1888 1595 1951 Wok
1638 1889 1896 1969 dezpoti
1929 1908 2009 1951 ac
2041 1890 2189 1951 dicti
2236 1891 2545 1970 genitoris
2576 1892 2703 1953 mei
2738 1889 3059 1969 Georgius

818 1996 1286 2075 Fraylehovich
1354 1997 1549 2059 frater
1612 1975 1802 2060 meus
1877 1998 2083 2060 maior
2146 2004 2307 2059 natu
2376 2016 2529 2060 curn
2597 2014 2921 2078 generosa
2983 2016 3059 2058 ac

818 2104 1163 2184 magnifica
1209 2105 1475 2166 domina
1522 2103 1806 2167 Barbara
1852 2122 2029 2167 nunc
2069 2112 2372 2168 consorte
2410 2105 2557 2168 dicti
2590 2105 2836 2168 domini
2865 2105 2917 2166 F
2922 2123 3060 2166 ran-

810 2211 965 2274 cisci
1014 2212 1263 2274 Berizlo
1327 2212 1392 2273 in
1458 2213 1645 2275 simili
1712 2213 1913 2275 modo
1962 2212 2223 2290 fecerat,
2281 2212 2366 2274 ad
2412 2230 2578 2292 quas
2625 2214 2890 2292 quidem
2938 2212 3062 2274 dis-

818 2319 1170 2401 positiones
1218 2319 1523 2398 genitoris
1565 2327 1629 2381 et
1659 2320 1869 2381 fratris
1902 2321 2028 2383 mei
2060 2321 2262 2382 littere
2295 2321 2822 2400 dispositionales
2860 2320 3061 2401 ipsius

810 2427 1150 2505 quondam
1194 2427 1373 2488 Wok
1421 2427 1676 2506 dezpoti
1723 2445 1802 2489 ac
1851 2427 2015 2489 dicte
2064 2428 2323 2490 domine
2380 2428 2660 2490 Barbare
2705 2434 2864 2489 tunc
2912 2445 3059 2490 con-

810 2535 1007 2598 sortis
1054 2535 1259 2616 ipsius
1303 2535 1482 2596 Wok
1529 2534 1804 2616 dezpoti,
1856 2553 2031 2598 nunc
2077 2552 2232 2598 vero
2280 2535 2427 2598 dicti
2465 2534 2708 2598 domini
2739 2534 3059 2599 Francisci

816 2645 877 2705 in
944 2643 1227 2722 capitulo
1276 2641 1688 2705 Chazmiensi
1737 2651 1957 2706 emata
2003 2643 2282 2706 fuissent
2350 2651 2414 2705 et
2460 2647 2706 2721 exorta,
2775 2642 2839 2704 in
2888 2643 3061 2704 hunc

818 2750 1109 2826 modum,
1178 2756 1249 2811 ut
1295 2749 1415 2829 ipsi
1463 2751 1713 2829 genitor
1761 2756 1824 2812 et
1888 2750 2081 2812 frater
2135 2769 2323 2812 meus
2371 2768 2582 2829 usque
2630 2750 2696 2811 in
2752 2748 2893 2812 dies
2939 2749 3062 2811 vite

818 2857 1109 2937 ipsorum
1155 2856 1399 2919 dictum
1445 2857 1739 2936 predium
1788 2875 2045 2920 servare
2075 2859 2333 2920 valeant
2380 2875 2457 2919 ac
2504 2857 2586 2918 de
2633 2856 2806 2919 dicto
2844 2856 3062 2938 predio

818 2963 1127 3044 sepefatis
1175 2964 1453 3026 dominis
1502 2964 1870 3027 secundum
1928 2965 2422 3045 dispositionem
2470 2966 2633 3025 inter
2692 2964 2874 3043 ipsos
2935 2963 3064 3025 fac-

818 3082 953 3134 tam
999 3072 1256 3134 servitia
1301 3072 1671 3151 inpendere,
1738 3073 2096 3154 promitens
2161 3073 2319 3151 ipsis
2365 3089 2520 3134 vera
2569 3071 2698 3132 fide
2765 3071 3063 3132 cristiana

818 3179 1163 3257 mediante,
1230 3179 1434 3241 dictas
1498 3181 1738 3243 litteras
1805 3180 2327 3261 dispositionales
2376 3178 2626 3240 noviter
2679 3177 3064 3239 confirmare

818 3305 897 3348 ac
945 3287 1297 3366 capitulum
1346 3287 1515 3348 beati
1562 3287 1726 3349 Petri
1776 3286 1859 3349 de
1902 3288 2157 3367 Posega
2205 3287 2458 3361 intrare,
2507 3285 2821 3366 ipsosque
2865 3282 3064 3345 domi-

822 3410 943 3455 nos
1008 3393 1089 3456 de
1156 3394 1462 3456 omnibus
1526 3394 1774 3457 iuribus
1838 3403 1900 3457 et
1966 3395 2185 3457 causis
2231 3411 2359 3474 que
2406 3400 2681 3454 actenus
2734 3391 2897 3454 inter
2944 3407 3066 3452 nos

820 3507 962 3562 [turta
1007 3499 1282 3562 fuissent
1328 3509 1442 3564 aut
1475 3502 1812 3580 orirentur,
1861 3520 2082 3565 coram
2131 3502 2302 3564 dicto
2342 3500 2624 3580 capitulo
2656 3499 2849 3561 literis
2878 3514 3066 3577 expe·

822 3606 1062 3670 ditoriis
1084 3609 1519 3671 mediantibus
1544 3611 1782 3688 quitOS,
1809 3611 2068 3690 quietos
2100 3616 2165 3671 et
2196 3608 2532 3689 expeditos
2565 3605 2833 3669 reddere
2866 3621 3066 3667 manu

818 3714 1203 3795 scriptarum
1232 3733 1527 3777 mearum
1548 3716 1767 3797 vigore
1790 3724 1853 3779 et
1887 3717 2258 3780 testimonio
2288 3715 2687 3795 presentium
2718 3712 3066 3774 mediante.

826 3822 1063 3884 Datum
1111 3822 1172 3883 in
1223 3822 1521 3901 Feyrkw,
1580 3822 1734 3885 feria
1781 3824 2005 3904 quinta
2050 3823 2346 3904 proxima
2410 3829 2559 3902 post
2626 3820 2870 3883 festum
2918 3835 3068 3880 con·

822 3930 1138 3993 versionis
1186 3931 1392 3992 sancti
1441 3931 1641 4009 Pauli,
1689 3931 2213 4011 quingentesimo
2263 3930 2347 3992 2⁰.

1969 4146 2261 4206 Absente
2308 4143 2493 4223 sigilo
2541 4160 2755 4228 manu
2791 4139 3069 4221 propria.

1041 4377 1260 4439 Eredeti,
1297 4379 1465 4442 papir,
1504 4372 1805 4440 ranyomott
1842 4370 2112 4438 pecsettel,
2155 4371 2224 4424 M.
2266 4371 2330 4424 Ο.
2370 4372 2430 4422 D.
2470 4371 2525 4422 L.
2569 4339 2763 4422 21088.
2803 4385 2864 4419 sz

2936 5129 2975 5156 ι’
2997 5121 3191 5167 Esafffflssd
3226 5165 3246 5168 -
3407 4817 3412 5168 i
