3475 5200
408 576 607 647 atque
653 568 987 631 actoribus
1033 570 1428 647 respondere
1477 569 1710 631 debeat
1759 576 1825 630 et
1868 575 2189 646 tenentur,
2238 570 2472 648 suique
2512 586 2657 631 suc-

409 692 711 737 cessores
757 675 1040 738 debeant
1103 683 1169 737 et
1231 684 1593 753 teneantur,
1661 676 2075 755 presentibus
2138 677 2436 756 perlectis
2483 676 2653 738 exhi-

412 783 585 845 benti
634 784 964 846 restitutis.
1013 784 1256 846 Datum
1305 782 1368 846 in
1418 791 1632 847 castro
1679 791 1906 846 nostro
1951 782 2328 860 Viennensi,
2384 784 2661 846 sabbato

414 889 711 969 proximo
779 899 930 970 post
995 891 1235 954 festum
1304 892 1476 955 beati
1508 891 1767 954 *Jacobi
1827 890 2125 970 apostoli,
2190 907 2369 953 anno
2417 889 2657 953 domini

415 998 754 1061 millesimo
818 1000 1460 1088 quadringentesimo
1526 998 1978 1079 octuagesimo
2033 1005 2244 1077 sexto,
2310 1013 2657 1078 regnorum

416 1112 787 1168 nostrorum
818 1123 996 1168 anno
1029 1105 1367 1186 Hungarie
1400 1114 1522 1169 etc.
1556 1107 1879 1185 vigesimo
1910 1120 2112 1184 nono,
2161 1104 2474 1168 Bohemie
2503 1122 2657 1169 vero
2737 1169 2841 1210 iffi*

415 1212 668 1275 decimo
715 1219 969 1276 octavo.
1661 1271 1666 1275 .
2685 1229 2789 1297 “jai
2809 1241 2877 1285 ss.

624 1353 849 1414 Eredeti,
887 1355 1053 1418 papir,
1085 1352 1222 1418 aljan
1264 1351 1613 1420 papirfolzetfi
1642 1351 1912 1420 pecsettel,
1951 1354 2022 1404 M.
2063 1353 2126 1405 Ο.
2173 1353 2233 1404 D.
2273 1352 2329 1403 L.
2361 1353 2557 1404 34119.
2581 1367 2657 1405 επ,

416 1437 637 1494 Emh'tve
676 1442 894 1505 Starine,
934 1443 993 1494 V.
1040 1442 1154 1494 125.
1188 1445 1419 1509 jegyzet.

1358 1659 1727 1724 CCCXCV.

1273 1854 1467 1920 1487.
1501 1857 1688 1938 febr.
1739 1854 1804 1920 8.

418 2016 493 2066 Az
532 2006 678 2064 aradi
715 2013 959 2079 kaptalan
1008 2012 1137 2065 elott
1180 2011 1344 2065 Janos
1383 2012 1597 2065 csanidi
1649 2008 1861 2080 piis'pok
1907 2013 1966 2065 es
2018 2012 2190 2066 Doczi
2241 2011 2390 2064 Peter
2438 2013 2496 2065 es
2532 2012 2661 2065 Imm

417 2100 581 2155 janos
619 2109 834 2155 mestert
857 2104 1047 2155 Munar
1070 2101 1128 2154 es
1155 2104 1330 2154 Geder
1354 2101 1762 2169 esanadmegyei
1788 2100 1847 2154 65
1871 2101 2092 2154 Kohoth
2109 2104 2488 2167 temesmegyei
2506 2104 2661 2153 bix-tc·-

417 2194 522 2244 kok
560 2191 773 2246 eladdsa
810 2192 868 2244 es
902 2190 1237 2258 elsajatititsa,
1277 2194 1652 2257 Belmosevyth
1683 2193 1905 2246 Miklo'st
1938 2191 1992 2258 (l.
2035 2196 2188 2245 1501.
2225 2192 2345 2258 maj.
2384 2193 2661 2254 30..a1att]

701 2285 860 2363 pedig
894 2284 1029 2333 azok
1064 2280 1352 2347 megvetele
1378 2299 1522 2348 vagy
1556 2281 2030 2350 zalogbaveteleffil
2057 2285 2377 2336 tilalmazza.

630 2426 852 2490 Eredeti‚
914 2430 1078 2492 papir,
1142 2425 1407 2492 hatlapjan
1484 2425 1784 2491 ranyomott
1850 2425 2033 2492 penset
2096 2428 2414 2493 nyomaival.
2467 2427 2536 2478 M.
2597 2425 2657 2477 Ο.

418 2516 480 2568 D.
517 2517 577 2569 L.
620 2518 805 2568 19232.
845 2532 922 2568 sz.
962 2544 1031 2552 —
1070 2517 1128 2568 V.
1171 2519 1220 2568 ὅ.
1262 2521 1292 2568 a
1331 2515 1764 2579 CCCLxxxlx„
1803 2516 2030 2569 CDXIV.
2056 2514 2116 2569 ὃς
2148 2516 2347 2568 CDXV.
2375 2515 2661 2569 szamokat.

1352 2805 1754 2895 cccxcvi

1304 2982 1771 3048 1458—1490.
1837 2947 1843 2952 ⁴

419 3144 705 3211 Bajmoczy
742 3145 993 3195 Onufrius
1031 3142 1267 3209 belgradi
1305 3144 1555 3210 kapitany
1591 3143 1803 3211 Matytis
1843 3143 2031 3211 kirt'ssyt
2066 3160 2098 3194 a
2121 3146 2274 3195 t6r6k
2312 3145 2665 3210 mozgalmak-

417 3232 498 3287 rol
515 3230 769 3299 tud6sitja
805 3231 865 3284 es
903 3235 1040 3284 kozli
1078 3235 1191 3284 vele
1230 3250 1262 3284 a
1298 3232 1467 3284 kemei
1504 3232 1627 3286 altal
1659 3251 1692 3285 a
1714 3236 1941 3286 torokok
1979 3236 2104 3286 hadi
2123 3231 2489 3306 kesziileteirol
2518 3238 2669 3298 nyert

1432 3321 1647 3376 hireket.

637 3470 843 3551 Copia
878 3471 1227 3534 litterarum
1262 3471 1326 3533 in
1360 3472 1735 3535 sclavonico
1782 3489 1910 3551 que
1957 3471 2249 3534 traducte
2296 3471 2558 3534 fuerunt
2602 3471 2665 3534 in

418 3577 709 3641 latinum.
2106 3640 2111 3645 .

634 3683 1060 3748 Serenissime
1091 3686 1419 3766 princepS‚
1460 3686 1851 3749 miseramus
1883 3687 2357 3765 exploratorem
2389 3687 2473 3747 ad
2505 3685 2565 3748 T
2568 3704 2669 3747 ur⁴

420 3791 590 3854 ciam
623 3810 834 3872 usque
865 3792 954 3854 ad
983 3792 1374 3872 Kusonium,
1423 3792 1533 3872 qui
1580 3810 1884 3856 reversus
1916 3793 2039 3854 ista
2076 3794 2304 3868 retulit,
2338 3792 2516 3872 quod
2550 3793 2669 3854 fuit

416 3900 599 3979 apud
646 3918 853 3962 unum
898 3900 1160 3962 fratrem
1207 3917 1406 3963 suum
1453 3901 1801 3977 carnalem,
1859 3901 1967 3979 qui
2013 3900 2243 3962 fuisset
2289 3918 2561 3980 presens
2607 3901 2669 3962 in

419 4006 708 4068 exercitu
754 4008 1155 4087 imperatoris
1193 4007 1583 4086 Turcorum,
1634 4015 1699 4070 et
1744 4008 1975 4075 fuisset
2019 4007 2107 4069 ibi
2154 4025 2413 4087 semper
2458 4025 2669 4086 usque

422 4113 490 4175 in
535 4113 734 4176 finem
782 4114 1228 4194 expeditionis
1280 4116 1446 4178 Dicit
1496 4116 1710 4193 etiam,
1760 4116 1937 4195 quod
1984 4115 2144 4177 dum
2188 4132 2375 4178 cesar
2411 4114 2669 4177 Turcus

418 4220 666 4283 traiecit
712 4240 863 4283 cum
896 4223 1181 4284 exercitu
1230 4224 1314 4284 ad
1364 4223 1759 4285 Moldaviam
1793 4223 2220 4302 quadraginta
2249 4230 2399 4285 octo
2443 4222 2673 4284 diebus

420 4328 1008 4391 transfretationem
1074 4330 1285 4409 ipsam
1352 4331 1784 4396 consumavit..
1851 4329 1936 4392 Et
1999 4338 2230 4411 postea
2298 4330 2673 4409 premiserat

421 4434 705 4515 aliquam
736 4441 987 4514 partem
1009 4437 1301 4515 gentium
1334 4445 1484 4499 ante
1510 4438 1864 4502 exercitum
1890 4454 2107 4513 suum,
2134 4454 2334 4515 quam
2364 4436 2673 4501 Stefanus

419 4544 727 4624 vayvoda
769 4542 1151 4622 profligavit,
1202 4545 1311 4608 ubi
1360 4545 1542 4606 multi
1576 4544 1877 4607 homines
1909 4544 2311 4623 imperatoris
2347 4544 2673 4624 periclitati
