3475 5200
1710 386 2103 441 —126—

779 603 1188 669 Temesiensi
1200 611 1264 668 et
1282 604 1364 668 de
1375 605 1579 668 Kewe
1597 606 2016 670 comitatibus
2034 606 2402 670 habitarum
2424 614 2490 669 et
2507 608 3037 689 pertinentiarum

782 714 1140 777 earundem
1185 730 1301 794 per
1345 712 1672 794 quosdam
1707 711 1999 793 Radych,
2029 713 2331 795 Chelnyk
2361 721 2425 778 et
2457 714 2751 795 Bogdan,
2770 718 3035 797 protho-

785 821 1059 900 bysthar
1085 821 1262 901 regni
1294 819 1525 883 Rascie
1557 820 1841 883 barones
1865 821 2154 901 ipsarum
2175 822 2680 902 possessionum
2710 823 3034 902 legitimos

784 945 1227 1009 possessoreS‚
1261 946 1380 1010 pro
1422 927 1670 992 eisdem
1717 927 2098 1004 Mathkone,
2134 927 2482 992 Frankone
2512 947 2593 991 ac
2622 928 2811 992 Petro
2843 930 3034 992 banis

784 1044 851 1099 et
912 1036 1214 1100 Johanne
1280 1035 1474 1098 fratre
1540 1035 1900 1098 eorundem
1977 1035 2169 1098 certis
2232 1042 2299 1098 et
2361 1035 2771 1099 credibilibus
2834 1043 3036 1116 atque

783 1144 1127 1208 autenticis
1170 1144 1367 1206 literis
1413 1143 1504 1205 uti
1531 1143 1730 1205 fertur
1753 1143 1962 1221 factiS,
1997 1143 2049 1205 si
2084 1149 2147 1205 et
2191 1143 2254 1205 in
2283 1150 2602 1221 quantum
2631 1151 3036 1207 memoratus

785 1249 1058 1314 Mathko
1103 1251 1320 1313 banus
1385 1249 1749 1330 fratresque
1815 1251 1916 1313 sui
1983 1252 2302 1331 prenotati
2359 1259 2571 1315 certas
2617 1257 2682 1314 et
2726 1250 3037 1315 efficaces

785 1357 1133 1439 superinde
1154 1374 1271 1439 pro
1303 1376 1376 1422 se
1408 1357 1654 1421 habent
1669 1359 1887 1421 literas
1911 1357 2248 1422 confectas
2271 1366 2336 1421 et
2353 1364 2717 1436 emanatas
2738 1365 3038 1422 nostrum

786 1466 1035 1546 regium
1083 1466 1461 1529 benivolum
1488 1482 1891 1529 consensum
1923 1466 2273 1547 prebemus
2303 1466 2537 1548 pariter
2568 1474 2632 1529 et
2660 1481 3036 1544 assensum,

788 1573 974 1635 salvo
1022 1573 1157 1636 iure
1201 1574 1416 1636 alieno
1463 1581 1528 1636 et
1581 1574 1850 1653 insuper
1906 1591 1987 1636 ex
2043 1573 2545 1637 habundantiori
2590 1580 2815 1638 nostra
2859 1572 3040 1654 regia

786 1680 1157 1743 liberalitate
1225 1687 1436 1743 totum
1501 1690 1566 1744 et
1610 1698 1809 1744 omne
1880 1681 1983 1744 ius
2053 1686 2348 1743 nostrum
2397 1682 2667 1761 regium,
2734 1681 2788 1744 si
2853 1681 3039 1760 quod

788 1788 1319 1869 possessionibus
1339 1789 1404 1850 in
1423 1785 1672 1851 eisdem
1694 1788 2199 1868 quibuscunque
2219 1806 2303 1851 ex
2333 1788 2554 1851 causis
2585 1795 2649 1850 et
2679 1788 3039 1851 radonffius

788 1895 1186 1958 haberemus
1231 1896 1336 1958 vel
1382 1903 1676 1959 nostram
1732 1902 2155 1958 concerneret
2209 1894 2638 1971 maiestatem,
2687 1895 3038 1958 simulcum

789 2002 1164 2066 huiusmodi
1183 2002 1337 2066 iuris
1370 2003 1570 2065 nostri
1589 2002 1743 2082 regii
1768 2002 2166 2080 utilitatibus,
2190 2002 2372 2064 terris
2404 2002 2646 2065 scilicet
2662 2001 3037 2078 arabilibuS,

787 2111 977 2175 cultis
1054 2119 1117 2174 et
1176 2112 1452 2186 incultis,
1527 2112 1717 2192 agris,
1785 2111 1984 2191 pratis
2049 2110 2247 2188 silviS,
2315 2112 2523 2191 aquis,
2583 2127 3038 2190 aquarumque

788 2220 1195 2297 decursibu5‚
1245 2219 1652 2297 molendinis,
1686 2218 2344 2297 molendinorumque
2374 2218 2534 2280 locis
2564 2225 2630 2281 et
2658 2217 3042 2298 generaliter

789 2328 1129 2407 quibusvis
1174 2329 1518 2391 utilitatum
1565 2326 2038 2407 integritatibus
2087 2326 2323 2406 quovis
2381 2326 2664 2389 nominis
2709 2325 3037 2388 vocabulo

790 2436 1088 2498 vocitatis
1134 2436 1259 2499 sub
1309 2436 1448 2498 suis
1480 2435 1650 2498 veris
1681 2433 1873 2497 metis
1904 2441 1968 2496 et
1999 2434 2283 2514 antiquis
2314 2433 2620 2496 limitibus
2650 2432 2736 2494 ad
2767 2433 3039 2495 easdem

792 2544 1251 2623 possessiones
1284 2549 1894 2623 consequenterque
1927 2541 2303 2605 huiusmodi
2332 2542 2434 2603 ius
2465 2547 2761 2604 nostrum
2786 2540 3033 2620 regium

791 2650 873 2713 de
920 2652 1055 2714 iure
1103 2652 1548 2732 spectantibus
1593 2658 1660 2714 et
1705 2651 2021 2730 pertinere
2056 2649 2445 2712 debentibus
2490 2666 2574 2712 ex
2608 2657 2782 2711 certa
2814 2656 3033 2711 nostre

793 2759 1148 2821 maiestatis
1179 2759 1467 2836 scientia,
1489 2760 2014 2839 prelatorumque
2035 2764 2098 2819 et
2118 2758 2441 2820 baronum
2470 2764 2846 2820 nostrorum
2867 2756 2951 2818 ad
2971 2756 3034 2818 id

792 2866 1243 2929 accedentium
1308 2866 1578 2929 consilio
1645 2871 2043 2945 prematuro,
2111 2863 2446 2945 premissis
2512 2881 2639 2928 suo
2696 2862 2895 2927 modo
2938 2863 3033 2926 uti

794 2974 1093 3053 superius
1171 2973 1584 3054 specificatur
1647 2973 1973 3036 stantibus
2040 2981 2102 3034 et
2149 2989 2223 3034 se
2300 2972 2715 3050 habentibuS,
2785 2969 3032 3034 eisdem

791 3079 1152 3159 Mathkoni,
1201 3081 1526 3144 Frankoni
1576 3099 1657 3144 ac
1703 3081 1894 3145 Petro
1941 3081 2131 3143 banis
2180 3087 2243 3142 et
2274 3078 2576 3158 Johanni,
2610 3081 3034 3160 ipsorumque

794 3188 1144 3253 heredibus
1176 3197 1239 3252 et
1264 3189 1579 3253 heredum
1604 3189 2107 3252 successoribus
2125 3187 2449 3250 universis
2469 3186 2756 3249 similiter
2784 3186 3037 3264 absque

791 3295 981 3359 alieni
1029 3294 1183 3360 iuris
1246 3296 1602 3377 preiudicio
1668 3296 1890 3359 denuo
1957 3304 2021 3360 et
2088 3312 2171 3358 ex
2236 3311 2413 3357 novo
2461 3293 2784 3371 dedimus,
2833 3292 3037 3354 dona-

791 3405 1007 3467 vimus
1054 3414 1116 3467 et
1164 3404 1582 3481 contulimuS,
1616 3423 1844 3484 ymmo
1893 3404 2152 3481 damus,
2185 3403 2514 3466 donamus
2545 3410 2611 3463 et
2639 3400 3039 3465 conferimus

792 3528 908 3590 per
952 3512 1222 3575 eosdem
1269 3513 1405 3575 iure
1451 3520 1767 3592 perpetuo
1815 3518 1879 3574 et
1908 3509 2399 3573 irrevocabiliter
2429 3508 2806 3584 tenendum,
2832 3506 3040 3587 possi·

792 3617 1081 3680 dendum
1129 3618 1361 3699 pariter
1407 3626 1470 3681 et
1517 3618 1918 3694 habendum,
1950 3619 2182 3680 harum
2224 3624 2613 3693 nostrarum,
2665 3632 2833 3694 quas
2878 3614 3039 3677 dum

793 3726 985 3788 nobis
1030 3727 1093 3788 in
1142 3727 1357 3806 specie
1404 3726 1638 3789 fuerint
1687 3732 2029 3805 reportate,
2079 3725 2143 3786 in
2178 3725 2455 3787 formam
2501 3723 2701 3786 nostri
2732 3720 3040 3802 privilegii

793 3833 988 3912 redigi
1053 3832 1392 3909 faciemuS,
1439 3833 1660 3913 vigore
1726 3840 1790 3895 et
1856 3831 2226 3895 testimonio
2300 3830 2626 3892 literarum
2693 3827 3040 3890 mediante.

793 3939 1037 4002 Datum
1116 3940 1318 4017 Bude,
1401 3939 1560 4002 feria
1645 3940 1941 4004 secunda
2024 3937 2321 4019 proxima
2407 3945 2557 4017 post
2642 3935 3039 3998 dominicam

795 4048 1029 4127 ludica,
1076 4066 1254 4112 anno
1301 4048 1545 4111 domini
1612 4048 1950 4111 millesimo
2016 4046 2656 4127 quadringentesimo
2713 4041 3040 4106 tricesimo

616 4135 722 4179 ¹⁴³⁸
794 4163 1046 4219 octavo.

585 4207 754 4251 καίτοι.

631 4260 702 4305 31.

1009 4369 1053 4417 Α
1109 4366 1336 4419 csazmai
1393 4365 1635 4432 kiptalan
1697 4368 1848 4416 1439.
1906 4364 2095 4417 marcz.
2148 4367 2232 4415 26.
2280 4365 2385 4416 kelt
2440 4361 2745 4424 atiratfiban,
2801 4362 3041 4426 melynek

797 4457 1058 4521 eredetije,
1097 4456 1298 4523 hartya,
1337 4456 1502 4523 fiigg6
1538 4455 1772 4523 pecse‘tje
1810 4457 2078 4519 elveszett,
2119 4457 2188 4507 M.
2230 4455 2290 4505 N.
2330 4455 2401 4506 M.
2439 4455 2495 4506 lt.

2918 5156 2921 5159 ,
3026 4934 3454 5160 Q
