3475 5200
1334 398 1722 451 -147—

1394 617 1674 682 CCXVI.

1078 795 1295 874 Euda,
1342 794 1542 861 1447.
1591 795 1838 863 κάνεα.
1886 797 1993 861 26.

416 935 662 1001 Hunyadi
699 933 882 1000 janoe,
920 935 1245 1003 kormanyzo
1283 935 1438 989 nebai
1474 938 1808 1004 Temeshelyi
1845 937 1996 990 Peter
2031 939 2239 1003 fiainak,
2278 936 2562 990 Dezsonek
2601 936 2660 989 &s

417 1022 726 1088 Laszlonak,
774 1022 920 1092 foleg
956 1042 989 1077 a
1024 1025 1311 1079 Szerbiaba
1344 1026 1561 1080 intezett
1595 1026 1782 1095 kirilyi
1817 1025 2164 1093 hadjaratban
2220 1031 2447 1080 szcrzett
2501 1024 2658 1080 erde-

408 1117 600 1166 meikre
636 1114 759 1167 valo
795 1116 1101 1180 tekintettel,
1140 1116 1322 1169 midon
1359 1134 1391 1169 a
1428 1119 1666 1184 sereggel
1703 1135 1735 1169 a
1770 1119 1927 1170 torol<
1956 1116 2174 1184 hatarig,
2214 1134 2246 1169 a
2274 1118 2653 1186 Filippopolisz

408 1205 603 1257 mellett
654 1203 815 1258 fekvo
870 1206 1120 1272 Zlathycz
1174 1209 1370 1273 hegyig
1425 1207 1732 1273 nyomultak
1790 1206 1931 1259 elore
1977 1208 2313 1274 Temeshely‚
2351 1208 2653 1275 Tureguba,

393 1291 641 1362 Orbfigy,
705 1294 1011 1362 Alsdhideg,
1076 1295 1396 1362 Felso'kriva,
1463 1297 1640 1360 Patak,
1696 1297 1993 1361 Krusovcz,
2060 1297 2388 1361 Jabolczina,
2457 1297 2655 1359 Salia,

769 1383 1103 1450 Kozepkrlva
1139 1383 1199 1436 es
1237 1383 1407 1453 egyeb
1445 1387 1766 1438 birtokaikra
1801 1383 1857 1452 fij
1895 1385 2186 1453 adomc'myt
2221 1387 2304 1438 ad.

627 1492 849 1556 Eredeti,
904 1492 1107 1559 hdr-tyn,
1158 1494 1524 1559 szakadozott,
1580 1492 1719 1560 aljan
1764 1492 2116 1559 papirsolzetfi
2150 1493 2422 1560 pecsettel,
2480 1494 2551 1546 M.
2594 1493 2660 1546 O.

410 1581 474 1634 D.
515 1581 572 1634 L.
611 1583 806 1635 30810.
846 1597 923 1634 sz.

1380 1764 1683 1829 CCXVII.

1115 1925 1335 2004 Buda,
1383 1923 1579 1990 1448.
1624 1923 1793 2009 mdj.
1842 1925 1950 1992 31.

407 2067 488 2115 Az
525 2063 721 2131 orszftg
755 2065 939 2116 rendei
965 2063 1318 2132 meghagyjdk
1343 2083 1376 2118 a
1397 2067 1578 2119 leleszi
1615 2037 1972 2129 konuentnek,
2008 2069 2156 2134 hogy
2188 2082 2327 2119 azon
2356 2065 2662 2120 elbirtoklzis

413 2153 681 2220 iigyeben,
735 2155 931 2222 melyet
967 2155 1290 2208 Brankovics
1328 2156 1548 2222 Gyorgy
1602 2155 1723 2208 κάει
1762 2158 2021 2222 deszpota
2074 2154 2255 2223 tallyai
2290 2155 2578 2223 varnagyai
2622 2171 2655 2207 a

410 2245 621 2310 szepesi
657 2241 905 2310 kaptalan
942 2245 1134 2297 Liszka
1168 2243 1414 2298 birtokan
1450 2246 1766 2310 elkovettek,
1804 2248 1979 2298 annak
2016 2261 2120 2312 egy
2150 2243 2326 2298 reszet
2345 2262 2376 2297 a
2394 2248 2656 2312 deszpota

547 2332 723 2399 Benye
762 2332 821 2385 es
858 2333 1014 2399 Szegi
1050 2332 1365 2386 bix-tokfihoz
1410 2333 1699 2397 csatolvam
1740 2351 1773 2385 a
1807 2332 2123 2401 vizsgalatot
2158 2332 2353 2387 inditsa
2387 2350 2525 2402 meg.

623 2444 872 2522 Prelati,
929 2446 1234 2522 barones,
1301 2446 1554 2509 nobiles
1600 2453 1664 2509 et
1710 2463 2014 2526 proceres
2078 2447 2257 2527 regni
2322 2446 2655 2528 Hungarie

409 2551 693 2615 universi
762 2553 1113 2616 conventui
1179 2553 1450 2617 ecclesie
1514 2561 1740 2617 sancte
1807 2553 2018 2617 crucis
2079 2552 2162 2617 de
2231 2554 2424 2618 Lelez
2487 2556 2659 2619 salu-

410 2665 544 2722 tem
592 2676 746 2722 cum
809 2659 1052 2725 favore.
1128 2661 1373 2725 Dicitur
1431 2661 1620 2724 nobis
1681 2662 1746 2725 in
1816 2662 2115 2742 personis
2181 2662 2660 2726 honorabilium

409 2766 829 2830 dominorum
874 2769 1183 2848 prepositi
1229 2776 1293 2831 et
1339 2769 1596 2848 capituli
1644 2769 1918 2832 ecclesie
1964 2768 2441 2850 ScepusiensiS,
2484 2769 2667 2850 quod

409 2872 721 2938 Silvester
782 2874 864 2937 de
927 2874 1215 2954 Tharria,
1279 2893 1538 2939 necnon
1604 2874 1972 2940 Sandrinus
2040 2877 2122 2939 de
2188 2876 2517 2941 Helumba
2584 2895 2669 2940 ac

410 2983 754 3046 ladislaus
818 2982 901 3046 de
965 2983 1215 3046 Pathak
1271 2984 1602 3046 castellani
1669 2984 1863 3046 castri
1929 2983 2205 3062 Thama
2269 2985 2483 3048 vocati
2541 2985 2665 3048 hiis

407 3090 707 3170 proxime
771 3089 1082 3169 preteritis
1143 3108 1522 3171 guerrarum
1586 3092 1995 3171 temporibus
2040 3109 2123 3154 ex
2169 3093 2432 3172 speciali
2489 3109 2668 3155 com·

408 3198 726 3260 missione
790 3197 1049 3260 illustris
1110 3197 1412 3278 principis
1477 3198 1722 3261 domini
1788 3198 2048 3278 Georgii
2114 3198 2369 3279 despoti
2435 3199 2666 3263 Rascie

408 3311 626 3368 certas
701 3311 914 3366 metas
988 3305 1431 3385 possessionis
1506 3306 1803 3386 ipsorum
1887 3307 2384 3387 exponentium·
2443 3306 2668 3386 Lyzka

407 3419 667 3491 vocate,
715 3429 756 3473 a
791 3417 972 3491 parte
1004 3412 1446 3491 possessionis
1478 3412 1701 3493 Benye
1732 3420 1797 3476 et
1828 3412 2009 3495 Zegy
2039 3413 2374 3476 existentis
2403 3413 2664 3491 aboleri,

407 3520 837 3600 quamplures
909 3516 1135 3582 etiam*
1175 3520 1405 3582 vineas
1467 3538 1546 3583 ac
1615 3526 1928 3582 terrarum
2005 3521 2342 3583 arabilium
2407 3538 2664 3583 necnon

408 3625 726 3689 silvarum
791 3644 1050 3689 necnon
1113 3627 1510 3707 piscinarum
1576 3627 1924 3706 particulas
1987 3628 2152 3691 intra
2213 3646 2408 3690 veras
2457 3633 2669 3691 metas

408 3733 581 3797 dicte
627 3733 1069 3813 possessionis
1119 3734 1341 3814 Lyzka
1387 3734 1740 3797 existentes
1788 3753 1905 3814 pro
1938 3752 2011 3797 se
2044 3735 2201 3814 ipsis
2247 3736 2468 3798 minus
2499 3736 2666 3798 iuste

408 3847 479 3903 et
523 3839 806 3903 indebite
871 3843 1178 3921 occupari
1242 3841 1571 3920 fecissent,
1621 3849 1686 3904 et
1741 3842 2079 3923 occupatis
2144 3849 2411 3904 utentur
2474 3843 2667 3905 etiam

408 3947 496 4011 de
543 3948 826 4027 presenti
890 3949 1178 4028 potentia
1235 3948 1560 4012 mediante
1626 3950 1691 4013 in
1757 3949 2183 4029 preiudicium
2239 3957 2300 4014 et
2350 3949 2667 4012 damnum

407 4054 740 4118 dictorum
804 4054 1220 4119 dominorum
1285 4057 1590 4135 prepositi
1657 4064 1721 4119 et
1787 4056 2044 4138 capituli
2089 4057 2281 4119 valde
2326 4073 2663 4136 magnum.

408 4162 571 4225 Ideo
644 4162 835 4225 vobis
903 4162 1137 4226 harum
1206 4164 1372 4226 serie
1438 4164 1930 4242 committimuS,
1980 4170 2307 4243 quatenus
2378 4168 2669 4227 vestrum

409 4269 686 4333 mittatis
730 4269 1065 4333 hominem
1114 4289 1234 4351 pro
1280 4271 1651 4335 testimonio
1698 4271 2121 4351 fidedignum‚
2171 4288 2304 4349 quo
2370 4277 2671 4350 presente

406 4378 520 4440 vel
567 4375 914 4441 Ladislaus
958 4376 1040 4440 de
1088 4378 1425 4459 Rozwagh
1471 4385 1585 4441 aut
1629 4378 1911 4440 Mathias
1958 4378 2059 4440 sin
2114 4377 2359 4440 Paulus
2421 4377 2673 4440 Parvus

405 4483 498 4547 de
546 4483 784 4565 Hagka
830 4483 987 4562 sive,
1020 4485 1379 4565 Dyonisius
1417 4485 1499 4548 de
1531 4486 1725 4548 Abon
1766 4503 1932 4548 neve
1974 4484 2355 4571 Stephanus
2384 4484 2674 4550 Thassol

405 4592 496 4656 de
565 4591 935 4655 Kelechech
983 4599 1096 4654 aut
1160 4594 1498 4657 Johannes
1545 4593 1626 4656 de
1674 4593 2031 4656 L—aztholch
2086 4592 2225 4656 aliis
2290 4592 2674 4656 absentibus

2358 4712 2457 4767 10*
