3475 5200
1458 617 1805 679 CXXXVI.
1860 618 1867 624 '

1227 814 1444 891 Bada,
1491 813 1688 878 1426.
1729 777 2040 894 jam-15.

516 970 823 1024 Lazfirevics
860 973 1057 1036 Ιςτνὲῃ,
1082 972 1202 1025 racz
1230 976 1506 1038 deszpota,
1545 975 1861 1038 meghagyja
1890 989 1952 1024 az
1980 973 2315 1039 alajarendelt
2342 972 2759 1039 hatosagoknak,

512 1064 657 1128 hogy
685 1078 716 1112 a
743 1064 892 1113 Buda
928 1065 1138 1114 melletti
1166 1069 1263 1114 szt.
1295 1058 1863 1114 L6rinczr61<=zimzett
1897 1062 2314 1128 pinos-kolostor
2350 1060 2758 1126 ‘szcrzeteseitdh

513 1152 600 1201 kik
637 1169 669 1203 a
705 1153 991 1218 Zsigmond
1029 1151 1271 1219 kiralytol
1308 1159 1460 1217 nyert
1497 1149 1758 1216 kivialtsag
1794 1152 2002 1219 alapjim
2048 1153 2133 1204 sot
2170 1149 2484 1216 &usitanam
2545 1155 2758 1204 sommi·-

1054 1240 1210 1293 nemt'i
1245 1223 1428 1294 vxi-mot
1465 1258 1606 1308 vagy
1641 1242 1770 1294 adot
1816 1258 1882 1293 ne
1920 1244 2222 1308 szedjenek.

831 1424 1211 1505 Stephanus
1259 1425 1361 1487 dei
1407 1426 1610 1503 gratia

833 1542 1061 1605 Rascie
1108 1542 1444 1622 despotus.

724 1686 1062 1750 Universis
1109 1692 1174 1746 et
1218 1684 1490 1764 singulis
1540 1685 1778 1747 nostris
1824 1687 2333 1764 vicecomitibuS,
2369 1687 2757 1764 castellaniS,

511 1795 855 1858 tributariis
903 1800 966 1855 et
1014 1792 1354 1873 quibusvis
1421 1792 1806 1854 officialibus
1862 1800 1925 1855 et
1989 1792 2429 1868 familiaribus,
2501 1810 2758 1856 necnon

507 1904 687 1964 vices
735 1909 987 1963 vestras
1033 1898 1407 1978 gerentibus
1453 1900 1833 1978 ampliorem
1882 1901 2289 1963 dilectionem
2329 1919 2481 1963 cum
2514 1902 2759 1992 favore..

515 2010 681 2072 Cum
746 2008 1020 2088 religiosi
1088 2008 1344 2086 deoque
1393 2007 1608 2069 devoti
1674 2008 1788 2068 viri
1852 2007 2081 2071 fratres
2147 2008 2455 2070 heremite
2519 2009 2759 2071 ordinis

511 2117 716 2180 sancti
765 2116 943 2177 Pauli
991 2115 1174 2195 primi
1223 2114 1531 2176 heremite
1580 2115 1643 2175 in
1692 2116 1975 2176 claustro
2023 2117 2191 2177 beati
2236 2116 2555 2177 Laurentii
2590 2134 2758 2178 mar-

509 2226 640 2287 tiris
680 2242 882 2304 supra
919 2222 1174 2285 Budam
1224 2222 1496 2283 fundato
1544 2222 1874 2301 degentes,
1921 2223 2093 2284 sales
2139 2241 2255 2302 per
2299 2224 2758 2286 elemonariam

507 2334 910 2412 largitionem
945 2331 1338 2393 serenissimi
1372 2330 1674 2410 principis
1706 2336 1770 2390 et
1804 2330 2045 2392 domini
2081 2330 2321 2392 domini
2357 2328 2756 2410 Sigismundi

507 2442 673 2521 regis
723 2438 1055 2517 Hungarie
1104 2445 1167 2500 et
1214 2445 1429 2500 cetera
1474 2438 1849 2515 assignatos
1894 2439 1997 2499 vel
2028 2438 2467 2517 assignandos
2500 2455 2616 2518 pro
2649 2439 2753 2500 usi

506 2556 567 2611 et
612 2549 792 2611 victu
860 2548 1151 2627 ipsorum
1200 2546 1469 2609 fratrum
1526 2545 1611 2608 ad
1673 2547 1974 2626 generale
2040 2546 2394 2625 capitulum
2461 2547 2752 2627 ipsorum

505 2657 682 2735 apud
748 2662 1051 2717 sanctum
1117 2654 1538 2716 Laurentium
1610 2671 1810 2733 supra
1886 2654 2140 2716 Budam
2218 2654 2490 2732 singulis
2567 2655 2756 2717 annis

511 2761 1118 2843 congregandorum
1150 2778 1425 2824 necesse
1455 2762 1717 2837 habent,
1753 2762 2023 2840 singulis
2055 2762 2244 2823 annis
2278 2761 2510 2823 deduci
2545 2760 2757 2824 facere

507 2888 738 2933 versus
804 2869 1059 2932 Budam
1126 2877 1241 2931 aut
1303 2869 1465 2931 alias
1529 2870 1639 2930 ubi
1707 2869 1889 2947 ipsos
1953 2870 2127 2930 sales
2173 2869 2454 2930 vendere
2501 2869 2756 2947 possint

506 2987 567 3041 et
629 2978 909 3054 valeant,
977 2976 1165 3056 igitur
1227 2977 1458 3038 vestris
1519 2976 1933 3038 fidelitatibus
2010 2976 2273 3037 firmiter
2340 2976 2754 3055 precipiendo

507 3084 923 3162 mandamus,
989 3084 1164 3146 aliud
1229 3083 1690 3145 nichilominus
1769 3084 1982 3145 facere
2060 3084 2378 3159 nolenteS‚
2428 3091 2756 3161 quatenus

510 3193 729 3254 habita
775 3193 1171 3271 presentium
1219 3191 1447 3253 notitia
1492 3208 1533 3250 a
1578 3191 1779 3252 modo
1821 3192 1885 3252 in
1931 3199 2125 3253 antea
2174 3191 2753 3270 quocienscunque

507 3301 605 3360 vel
671 3304 1260 3377 quantumcunque
1327 3297 1554 3376 prefati
1622 3298 1852 3359 fratres
1917 3315 2032 3377 per
2095 3316 2188 3374 se,
2255 3299 2358 3359 vel
2423 3315 2539 3377 per
2593 3316 2755 3360 suos

507 3406 807 3468 homines
856 3410 970 3466 aut
1015 3405 1178 3466 alios
1237 3407 1471 3484 quovis
1518 3407 1700 3484 ipsos
1767 3407 1939 3467 sales
1986 3405 2306 3484 portando
2354 3406 2454 3467 vel
2502 3406 2753 3467 condu-

509 3513 713 3575 cendo
762 3513 846 3574 ad
892 3519 1111 3574 vestra
1172 3519 1419 3589 tenuta,
1485 3513 1745 3590 tributa,
1815 3512 2134 3574 domicilia
2185 3514 2284 3573 vel
2332 3512 2551 3575 officia
2614 3530 2756 3592 per-

463 3646 474 3653 ·
505 3618 814 3697 venerint,
844 3626 1087 3681 extunc
1120 3620 1333 3697 cupite
1365 3621 1545 3699 pacis
1577 3620 1859 3699 presidio
1890 3620 2138 3682 eisdem
2174 3628 2237 3682 et
2266 3621 2447 3699 ipsos
2466 3637 2752 3682 unacum

506 3728 800 3806 personis
868 3734 932 3789 et
984 3726 1176 3788 bonis
1242 3743 1469 3788 eorum
1534 3727 1805 3805 pacifice
1853 3734 1916 3789 et
1963 3728 2103 3790 sine
2170 3729 2345 3789 omni
2414 3726 2753 3789 exactione

504 3834 716 3896 tributi
761 3843 879 3897 aut
924 3834 1198 3895 alicuius
1247 3835 1532 3896 muneris
1577 3836 1682 3896 vel
1729 3835 1880 3896 doni
1929 3836 2105 3896 abire
2159 3835 2557 3914 permittatis,
2590 3851 2748 3911 ymo

505 3942 558 4003 si
606 3958 879 4003 necesse
930 3940 1120 4002 fuerit
1163 3939 1553 4018 conducere,
1586 3948 1923 4020 protegere
1956 3949 2020 4004 et
2052 3942 2399 4003 defendere
2437 3941 2749 4019 debeatiS,

509 4054 841 4127 presentes
887 4054 1110 4110 autem
1157 4057 1308 4127 post
1354 4050 1668 4110 lecturam
1717 4067 1978 4130 semper
2027 4050 2398 4124 restituatiS‚
2465 4048 2637 4109 aliud
2686 4048 2749 4110 in

505 4155 834 4236 premissis
881 4172 1016 4216 non
1065 4153 1314 4217 facturi.
1363 4155 1606 4217 Datum
1656 4156 1837 4218 Bude
1887 4156 1949 4217 in
1999 4156 2168 4218 festo
2222 4156 2566 4216 beatorum
2622 4156 2749 4217 Viti

506 4270 566 4325 et
610 4263 892 4325 Modesti
958 4262 1313 4340 martirum,
1379 4280 1553 4324 anno
1620 4263 1864 4325 domini
1912 4264 2057 4324 M¹¹¹⁰
2107 4262 2410 4326 CCCC¹¹¹⁰
2466 4263 2746 4325 XXIIH0.

716 4456 943 4522 Eredeti,
997 4455 1200 4522 hartya,
1258 4455 1394 4521 aljan
1451 4454 1822 4522 papirstilzetfi,
1883 4456 2186 4523 rimyomott
2241 4458 2509 4522 pecsettel.
2567 4460 2637 4508 M.
2684 4459 2746 4510 O.

507 4546 562 4597 D.
601 4548 657 4598 L.
705 4548 894 4599 11375.

2828 4242 2929 4285 1423

2780 4315 2878 4369 jun.
2905 4318 2967 4357 15.
