3475 5200
618 1125 714 1173 Ept.
738 1121 806 1165 524.

690 3766 790 3806 &5:OE

630 3822 842 3882 13th

1773 349 2163 402 ,324-

846 569 976 631 dat.
1039 568 1136 630 De
1192 584 1329 630 non
1384 569 1789 631 restitutione
1852 569 2238 632 salariorum
2302 570 2598 632 eiusdem
2666 577 2838 632 certe
2901 571 3094 632 vehe-

848 682 1098 739 menter
1128 675 1497 739 indolemus
1529 692 1682 737 cum
1714 675 2006 739 sciamus
2038 678 2293 756 absque
2325 677 2635 757 expensis
2664 677 2804 741 istic
2833 695 3094 740 manere

850 801 983 845 nnn
1029 799 1251 864 posse.
1300 781 1692 846 Audivimus
1739 781 1914 844 enim
1960 790 2026 846 et
2069 801 2216 862 n03,
2266 785 2446 864 quod
2493 784 2745 864 pedites
2790 785 3096 848 consede·

850 893 966 953 rati
1009 890 1233 973 pariali
1297 891 1635 953 voluntate
1700 905 1786 952 ex
1851 890 2020 953 illius
2085 892 2279 954 castri
2344 891 2622 953 servitiis
2677 891 2985 973 egredere
3031 900 3093 954 et

850 998 1172 1061 declinare
1217 999 1467 1061 volunt.
1534 996 1703 1060 Velit
1747 1003 1891 1060 tum
1955 997 2440 1077 magnificentia
2485 1005 2704 1061 vestra
2749 1016 2964 1079 usque
3010 1000 3091 1060 ad

850 1109 1101 1169 instans
1146 1104 1389 1168 festum
1438 1104 1607 1168 beati
1672 1103 1932 1184 Georgii
1998 1104 2274 1168 martiris
2318 1105 2443 1168 illic
2488 1123 2890 1185 permanere,
2950 1107 3093 1186 ipso

850 1217 1020 1277 enim
1067 1220 1360 1293 tempore
1407 1212 1686 1275 fortasse
1732 1212 1851 1275 erit
1905 1229 2041 1274 una
2072 1214 2392 1291 generalis
2420 1214 2840 1293 congregatio
2889 1213 3090 1275 domi·

850 1339 1107 1398 nurum,
1154 1320 1459 1383 dabimus
1522 1319 1696 1381 enim
1744 1336 2013 1400 operam
2061 1327 2135 1382 ut
2179 1326 2244 1382 et
2291 1320 2772 1401 magnificentia
2833 1337 3093 1401 quoque

850 1436 1068 1493 ⁴uestra
1112 1446 1228 1508 per
1271 1429 1487 1490 literas
1533 1427 1874 1490 vocabitur
1919 1434 1984 1489 et
2030 1435 2192 1489 tunc
2234 1428 2474 1505 veniat,
2540 1428 2644 1490 hic
2690 1428 2866 1490 enirn
2913 1427 3092 1490 Bude

854 1537 1085 1601 melius
1147 1535 1578 1616 disponemus
1641 1535 1903 1614 negotia
1966 1534 2285 1613 eiusdem,
2361 1553 2563 1615 quam
2630 1535 2684 1597 si
2749 1536 2892 1614 ipsa
2957 1534 3091 1596 istic

850 1649 1310 1725 perseveraret.
1367 1641 1524 1704 Post
1579 1642 1858 1705 reditum
1923 1642 2097 1704 enim
2162 1640 2582 1705 dominorum
2628 1642 3093 1722 archiepiscopi

854 1749 1258 1814 Collocensis
1303 1756 1368 1812 et
1410 1749 1568 1813 Jose
1614 1749 1871 1812 comitis
1924 1766 2008 1812 ex
2055 1767 2206 1830 rege
2271 1749 2719 1812 Romanorum
2783 1749 3091 1811 maiestas

854 1877 980 1921 sua
1020 1858 1197 1938 regia
1244 1857 1546 1937 intelliget
1592 1857 1645 1919 si
1691 1857 2071 1937 generaliter
2135 1872 2370 1919 omnes
2436 1855 2680 1920 domini
2746 1854 3088 1918 convocari

854 1969 1115 2030 deberet
1161 1964 1264 2027 vel
1310 1981 1466 2042 non,
1536 1970 1878 2044 propterea
1941 1964 2093 2026 velit
2156 1963 2242 2025 ad
2306 1963 2463 2026 illud
2528 1970 2792 2043 tempus
2857 1963 3090 2025 habere

854 2074 1247 2157 patientiam.
1319 2071 1425 2135 Ex
1470 2079 1650 2152 parte
1697 2071 1868 2150 regis
1914 2070 2362 2135 Romanorum
2411 2078 2476 2134 et
2521 2089 2647 2133 nos
2692 2070 3093 2133 sufficientes

858 2198 1151 2245 rumores
1198 2180 1546 2256 habemuS‚
1594 2185 1815 2241 tamen
1863 2194 1997 2240 non
2046 2179 2372 2241 credimus
2411 2178 2588 2258 quod
2634 2178 2699 2239 in
2748 2176 3091 2258 presentia·

858 2309 1023 2370 rum,
1070 2297 1143 2353 ut
1188 2288 1380 2352 nobis
1410 2286 1683 2364 videtur,
1718 2303 1844 2348 sua
1890 2286 2199 2349 maiestas
2245 2286 2331 2347 ad
2377 2285 2660 2365 aliquam
2708 2283 3091 2347 discordiam

858 2417 930 2461 se
985 2401 1301 2479 preparet.
1369 2394 1723 2473 Utcunque
1786 2400 2008 2455 tamen
2073 2393 2175 2469 sit,
2241 2393 2608 2472 cogitemus
2661 2393 2744 2455 de
2790 2390 3091 2466 remediO,

858 2517 926 2565 ut
974 2505 1135 2567 salvi
1182 2518 1589 2565 maneamus.
1640 2499 1838 2580 Quod
1868 2506 2091 2563 autem
2122 2501 2338 2563 scribit
2369 2500 2852 2580 magnificentia
2883 2504 3091 2561 vestra

858 2612 1268 2677 commisisse
1314 2610 1454 2672 suis
1500 2609 1762 2671 famulis
1807 2616 1881 2672 ut
1927 2615 2224 2671 mutuam
2256 2609 2418 2672 inter
2463 2626 2536 2671 se
2584 2609 2872 2671 habeant
2918 2606 3089 2669 intel-

858 2720 1184 2801 ligentiam
1249 2735 1401 2781 cum
1466 2716 1890 2779 servitoribus
1954 2717 2192 2779 nostris
2259 2717 2424 2778 bene
2489 2723 2711 2779 actum
2757 2721 2875 2777 est.
2927 2713 3091 2775 Nam

858 2845 984 2890 nos
1048 2843 1313 2907 quoque
1378 2823 1490 2887 diu
1554 2824 1682 2887 hoc
1751 2824 1923 2886 idem
1988 2823 2250 2885 famulis
2319 2825 2560 2886 nostris
2628 2821 3094 2895 commisimuS,

862 2937 1182 2998 habemus
1247 2950 1423 2995 nunc
1487 2931 1835 2994 servitores
1901 2938 2162 2993 nostros
2231 2947 2315 2992 ex
2375 2931 2667 3011 partibus
2732 2927 3096 3004 Sclavonie,

858 3060 1141 3122 quorum
1204 3041 1420 3104 medio
1485 3038 1765 3102 scribere
1830 3038 2178 3101 statuimus
2235 3037 2501 3101 domino
2556 3035 2977 3117 Zagrabiensi
3039 3039 3099 3096 et

858 3154 1053 3214 etiam
1117 3148 1533 3212 servitoribus
1598 3146 1858 3218 nostri5‚
1921 3152 1995 3208 ut
2058 3163 2131 3208 se
2176 3154 2408 3208 mutuo
2456 3144 2766 3207 adiuvent
2821 3159 3099 3223 seseque

862 3259 1231 3338 intelligant.
1281 3253 1589 3317 Ceterum
1618 3251 1944 3315 interitum
1978 3252 2241 3314 domine
2272 3253 2487 3315 relicte
2534 3251 2764 3332 Rostfy
2812 3250 3101 3313 audiera-

862 3383 1011 3430 mus
1056 3365 1253 3427 etiam
1299 3363 1497 3444 prius,
1531 3368 1595 3422 et
1626 3361 1709 3423 de
1741 3377 1914 3440 equo
1961 3360 2066 3422 illo
2112 3359 2333 3423 Turco
2379 3362 2586 3423 misso
2617 3361 2856 3440 gratias
2904 3359 3102 3420 habe-

862 3491 1012 3536 mus
1076 3469 1552 3552 magnificentie
1614 3476 1849 3530 vestre.
1926 3465 1994 3530 Si
2058 3467 2214 3547 quid
2278 3468 2472 3530 etiam
2536 3466 2717 3547 apud
2779 3482 2908 3528 nos
2973 3464 3103 3540 erit,

866 3581 1041 3662 quod
1090 3575 1565 3660 magnificentie
1603 3581 1820 3638 vestre
1852 3575 2151 3655 placebit,
2186 3576 2272 3637 ab
2305 3574 2537 3637 eadem
2575 3592 2711 3638 non
2757 3572 3104 3654 denegabi-

866 3705 1034 3766 mu3‚
1119 3685 1396 3750 eandem
1474 3686 1644 3747 bene
1716 3684 1933 3745 valere
1978 3681 2449 3745 desideramus
2504 3681 2610 3745 Ex
2672 3698 2821 3744 arce
2886 3689 3108 3744 nostra

866 3794 1288 3876 Strigoniensi
1334 3791 1629 3855 secundo
1676 3791 1780 3853 die
1828 3791 2016 3852 beate
2064 3788 2264 3852 Marie
2310 3789 2572 3869 virginis
2627 3789 2814 3853 1506.

1077 3982 1323 4048 Kivaz:
1385 3980 1739 4061 Magnifico
1805 3978 2072 4042 domino
2121 3977 2403 4058 Georgio
2466 3978 2549 4040 de
2613 3976 2888 4059 Kanysa
2936 3978 3105 4040 bano

866 4091 1381 4158 Nandoralbensi
1413 4096 1536 4152 etc.
1570 4087 1840 4150 domino
1879 4095 1943 4148 et
1973 4085 2184 4149 amico
2216 4085 2626 4162 honorando,
2672 4084 2974 4148 Thomas
3017 4085 3102 4146 tit.

866 4201 1074 4264 sancti
1120 4198 1376 4262 Martini
1430 4197 1496 4261 in
1541 4195 1878 4260 Montibus
1923 4209 2107 4257 sacre
2154 4210 2427 4256 romane
2474 4192 2749 4255 ecclesie
2797 4192 3110 4272 presbiter

870 4307 1209 4370 cardinalis
1255 4304 1737 4386 strigoniensis.

1082 4483 1306 4545 Eredeti,
1360 4483 1528 4548 papst,
1584 4477 1814 4532 zarlatan
1880 4481 2044 4530 νότὸε
2108 4478 2324 4528 viaszba
2372 4479 2617 4541 nyomott
2671 4471 2872 4541 gyt‘in‘is
2932 4472 3113 4542 pecs&

866 4569 1218 4634 tijrede'kevel,
1256 4571 1327 4624 M.
1368 4570 1432 4623 Ο.
1472 4571 1534 4622 D.
1573 4570 1631 4621 L.
1671 4571 1865 4621 25451.
1905 4584 1982 4619 sz.
