3475 5200
1732 391 2124 444 -274—

1683 646 2166 710 CCCLXXXV.

1532 861 1736 942 Gy6r‚
1787 858 1979 924 1432.
2027 857 2177 944 ἀρφ.
2226 859 2333 925 24.

804 1041 1008 1105 Elntyzis
1036 1040 1199 1105 ,kiraly
1227 1038 1566 1100 Borbalinak,
1617 1039 1938 1089 Brankovics
1966 1038 2082 1089 Vuk
2120 1036 2238 1089 πᾶσι
2271 1040 2528 1103 deszpota
2554 1034 2896 1102 &zvegyenek
2923 1037 3052 1085 ado·

804 1133 1096 1197 ulfinftffiza
1118 1147 1150 1180 a
1175 1129 1303 1195 serje
1328 1128 1448 1179 altal
1489 1126 1589 1179 birt
1632 1130 1670 1179 F
1674 1127 1851 1193 eje'rko
1879 1127 2026 1179 viu-at
2051 1126 2109 1179 ἐς
2135 1126 2562 1192 Τὸῐῐὸενατείιῐιγ
2589 1128 2821 1177 birtokot
2869 1124 3049 1176 Κὸτὸε

1612 1216 1669 1268 es
1698 1218 1899 1283 Ziigrab
1928 1218 2238 1283 megyeben.

1020 1369 1157 1428 Nos
1225 1366 1505 1427 Mathias
1572 1365 1670 1427 dei
1736 1366 1943 1445 gratia
1990 1383 2102 1427 rex
2155 1365 2507 1445 Hungarie,
2574 1363 2884 1425 Bohemie
2930 1368 3049 1422 etc.

804 1473 1110 1533 Mfflnorib
1194 1474 1737 1535 commendamus
1819 1481 2045 1535 tenore
2119 1474 2515 1553 presentium
2609 1471 3052 1550 significantes

804 1585 1040 1657 duribus
1088 1581 1345 1659 expedit
1390 1581 1728 1659 universis,
1778 1582 1956 1659 quod
2005 1599 2129 1643 nos
2175 1588 2316 1643 tum
2364 1581 2448 1642 ad
2494 1580 2870 1659 petitionem
2913 1579 3046 1639 illu·

804 1689 1111 1749 sti-issima
1171 1688 1431 1749 domine
1501 1688 1807 1749 Beatricis
1849 1689 2093 1767 ,regine
2166 1688 2487 1750 consortis
2561 1695 2782 1750 nostre
2857 1686 3048 1748 caris-

804 1797 984 1873 sitne7
1056 1809 1190 1857 tum
1258 1813 1414 1858 vero
1483 1797 1567 1857 ad
1630 1803 1817 1875 grata
1879 1803 1942 1857 et
2004 1796 2425 1876 acceptabilia
2488 1796 2774 1875 preclare
2846 1794 3047 1855 fideli-

804 1905 948 1965 tatis
1020 1904 1333 1981 obsequia
1397 1903 1604 1965 fidelis
1670 1903 1873 1966 nostri
1938 1904 2195 1965 illustris
2241 1903 2438 1982 3Wok
2503 1903 2731 1964 Rascie
2794 1901 3048 1980 despoti

804 2021 948 2085 ete,
1000 2027 1181 2071 sacre
1244 2009 1553 2090 imprimis
1610 2011 1840 2090 prefati
1899 2010 2077 2091 regni
2139 2011 2338 2073 nostri
2404 2010 2738 2088 Hungarie
2805 2025 3050 2072 corone

804 2129 860 2177 el
912 2121 1141 2179 deinde
1190 2118 1379 2182 nobis
1427 2135 1689 2180 summa
1737 2136 1889 2180 cum
1929 2118 2252 2196 fidelitate,
2301 2118 2752 2198 diligentiaque
2785 2125 2849 2178 et
2879 2117 3049 2178 solli-

804 2225 1084 2285 citudine
1147 2224 1477 2286 indefessa
1543 2235 1940 2304 strenuaque
2015 2232 2078 2288 et
2131 2227 2430 2288 studiosa
2495 2224 2870 2304 operatione
2935 2240 3050 2302 per

804 2337 1012 2410 ipsum
1084 2331 1364 2394 exhibita
1428 2339 1493 2394 et
1558 2333 1876 2412 impensa,
1944 2333 2233 2395 debitum
2299 2340 2371 2394 ut
2436 2334 2623 2395 decet
2677 2338 3046 2410 respectum

804 2442 1139 2516 habel-1135,
1188 2457 1267 2501 ac
1316 2440 1506 2501 etiam
1556 2440 1770 2502 divine
1816 2441 2072 2520 pietatis
2135 2441 2388 2518 intuitu,
2439 2458 2521 2501 ne
2568 2440 2806 2501 scilicet
2852 2455 3048 2516 gene·

804 2565 952 2605 rosa
1020 2545 1283 2609 domina
1348 2547 1632 2610 Barbara
1700 2566 1976 2611 consors
2046 2548 2250 2628 ipsius
2322 2548 2576 2628 despoti
2641 2546 2696 2610 si
2761 2546 3045 2609 eundem

808 2657 1100 2733 premori,
1151 2656 1361 2734 ipsam
1393 2673 1549 2718 vero
1597 2662 1749 2735 post
1794 2656 1999 2736 ipsius
2042 2657 2293 2737 despoti
2347 2658 2597 2718 obitum
2631 2656 3046 2735 supervivere

804 2765 1155 2837 contingat,
1206 2762 1331 2824 sub
1378 2764 1564 2825 tectis
1612 2764 1838 2826 alienis
1886 2764 2171 2844 divagari
2220 2772 2283 2827 et
2323 2765 2569 2826 victum
2609 2763 3045 2826 miserabiliter

804 2886 1068 2946 querere
1135 2877 1424 2949 cogatur,
1494 2872 1704 2933 eidem
1771 2872 2049 2951 despoto
2113 2889 2194 2933 ex
2262 2880 2436 2934 certa
2500 2879 2723 2934 nostra
2779 2869 3045 2932 scientia

804 2986 860 3038 el
932 2978 1151 3038 animo
1217 2978 1565 3040 deliberato
1642 2979 1722 3040 de
1789 2987 2141 3058 nostreque
2207 2981 2378 3059 regie
2444 2980 2782 3060 potestatis
2847 2977 3036 3057 pleni-

800 3086 1024 3146 tudine
1072 3091 1133 3146 et
1178 3086 1380 3162 gratia
1428 3086 1708 3164 speciali,
1765 3104 1845 3148 ac
1911 3087 1991 3148 de
2057 3088 2460 3168 beneplacita
2513 3088 2848 3149 voluntate
2907 3102 3039 3164 pre-

800 3190 928 3250 fate
980 3193 1397 3253 illustrissime
1445 3193 1704 3255 domine
1754 3194 2060 3256 Beatricis
2111 3197 2329 3275 regine
2376 3196 2437 3257 id
2486 3194 2796 3256 duximus
2837 3210 3037 3253 annu·

800 3302 1040 3358 endum
1120 3307 1182 3360 et
1247 3301 1762 3379 concedendum,
1833 3302 1965 3364 imo
2030 3304 2384 3365 annuimus
2459 3311 2522 3364 et
2597 3301 3038 3373 concedimuS,

800 3418 868 3466 ut
920 3406 1052 3482 ipsc
1104 3413 1386 3468 castrum
1436 3424 1634 3469 suum
1684 3407 1736 3469 F
1738 3410 2042 3487 eyerkew
2089 3411 2483 3489 appellatum
2524 3411 2587 3471 in
2627 3408 2933 3471 Crisiensi
2978 3413 3039 3468 et

800 3513 1673 3592 districtumThethewzyna
1703 3524 2036 3594 vocatum,
2076 3519 2305 3596 partim
2353 3518 2416 3579 in
2441 3519 2676 3579 eodem
2717 3515 3036 3588 Crisiensi‚

800 3622 1024 3698 partim
1064 3637 1214 3682 vero
1240 3621 1301 3681 in
1341 3621 1760 3701 Zagrabiensi
1793 3625 2207 3686 comitatibus
2239 3625 2614 3702 existenteS,
2650 3643 2801 3693 curn
2837 3624 3038 3686 omni·

800 3730 924 3786 bus.
974 3730 1153 3804 villis,
1202 3730 1755 3808 possessionibus,
1805 3731 2041 3810 prediis
2090 3739 2151 3793 et
2198 3733 2335 3793 aliis
2384 3733 2638 3794 cunctis
2689 3731 2827 3793 suis
2883 3732 3036 3793 utili·

800 3838 1036 3894 tatibus
1084 3843 1146 3895 et
1192 3836 1587 3914 pertinentiis
1652 3838 1736 3898 ad
1802 3839 2176 3901 huiusmodi
2236 3846 2522 3902 castrum
2571 3847 2634 3901 et
2681 3839 3035 3901 districtum

796 3942 876 4002 [ln
928 3942 1060 4002 iure
1124 3951 1186 4003 et
1214 3932 1335 4003 ‘ab
1401 3945 1669 4023 antiquo
1737 3946 2186 4025 spectantibus
2254 3954 2316 4008 et
2373 3948 2686 4027 pertinere
2752 3947 3033 4016 debenti-

796 4054 920 4114 bus
988 4051 1229 4130 prefate
1300 4053 1561 4116 domine
1638 4055 1921 4116 Barbare
1989 4057 2273 4118 consorti
2339 4073 2460 4117 sue
2528 4054 2692 4117 infra
2743 4055 3032 4117 eiusdem

796 4162 1113 4220 consortis
1161 4178 1280 4221 sue
1330 4162 1528 4222 vitam
1576 4162 1922 4224 inscribere
1970 4162 2256 4241 dareque
2303 4171 2368 4225 et
2417 4163 2663 4224 donare
2720 4161 2925 4241 possit
2974 4169 3031 4221 et

796 4270 1024 4338 calesu
1100 4269 1233 4345 ipsa
1281 4285 1436 4329 vero
1501 4268 1769 4330 domina
1835 4269 2120 4331 Barbara
2187 4270 2560 4332 huiusmodi
2629 4276 2915 4331 castrum
2972 4275 3036 4328 et

800 4374 1150 4434 districtum
1227 4375 1456 4453 pariter
1537 4393 1687 4437 curn
1753 4377 2054 4455 predictis
2131 4378 2380 4440 cunctis
2447 4377 2586 4439 suis
2663 4377 3038 4438 utilitatibus

796 4490 852 4538 ct
924 4481 1314 4554 pertinentiis
1379 4482 1521 4559 ipso
1588 4483 2020 4562 inscriptionis
2079 4492 2143 4546 et
2199 4485 2569 4547 donationis
2633 4485 2815 4546 titulo
2883 4483 3034 4545 reci-

800 4586 1028 4658 pientii.
1100 4604 1174 4648 ac
1222 4588 1384 4650 infra
1431 4597 1634 4652 totam
1682 4592 1824 4653 eius
1872 4591 2070 4653 vitam
2126 4593 2320 4654 libere
2389 4592 2649 4654 tenendi
2709 4599 2773 4654 et
2828 4590 3039 4670 possi-
