3475 5200
1687 348 2077 401 „380-

766 581 942 629 tanto
963 567 1194 629 melius
1216 566 1488 645 faciatiS,·
1514 586 1593 631 ac
1624 572 1749 631 vos
1783 586 1934 631 cum
1965 586 2204 648 magna
2233 567 2603 647 vigilatione·
2620 576 2685 630 et
2709 568 3013 632 custodia

762 685 981 736 tenere
1027 675 1253 750 velitis,
1303 675 1483 737 dum·
1509 683 1730 739 autem
1779 677 1921 737 illac
1967 676 2422 756 perveniemus
2472 676 2653 737 iuxta
2714 684 3006 739 vestrum

766 781 1237 861 beneplacitum
1290 784 1509 845 omnia
1554 785 1816 862 negotia
1863 791 2080 846 vestra
2126 784 2571 864 disponemus.
2639 783 2881 847 Datum
2941 785 3005 847 in

766 892 1330 954 Zakanmonostra
1348 892 1411 953 in
1440 890 1610 954 sesto
1632 891 1802 954 beati
1827 891 2105 954 Ladislai
2125 892 2291 971 regis
2311 896 2375 954 et
2393 891 2806 969 confessoriS,
2827 910 3010 955 anno

590 969 682 1009 ΜΗ
766 1000 1003 1063 domini
1051 1000 1390 1066 millesimo
1437 999 2072 1079 quadringentesimo
2119 998 2661 1079 quinquagesimo
2708 1000 2915 1080 primo

546 1045 642 1093 jun.
678 1041 738 1081 H.

932 1144 1271 1206 Johannes
1304 1143 1385 1205 de
1418 1142 1723 1222 Hwnyad

830 1252 998 1331 regni
1048 1251 1378 1330 Hungarie
1424 1251 1839 1331 gubernator.

970 1411 1176 1475 Kiviil
1196 1432 1217 1474 .·
1262 1411 1695 1500 ¹prudentibus
1752 1420 1817 1476 et
1863 1412 2346 1493 circumspectis
2402 1412 2554 1474 viris
2601 1412 2810 1487 iudici,
2863 1432 3004 1475 ma-

758 1521 957 1597 gistro
1004 1521 1242 1583 civium
1288 1520 1643 1601 iuratisque
1691 1505 1942 1583 civibus
1989 1538 2067 1582 ac
2099 1521 2214 1583 toti
2247 1508 2695 1582 communitati
2727 1519 3003 1582 civitatis

762 1628 1179 1691 Posoniensis
1222 1635 1537 1707 tanquam
1585 1628 1813 1690 amicis
1860 1628 2099 1691 nostris
2144 1628 2563 1691 honorandis.

972 1786 1195 1848 Eredeti,
1257 1787 1425 1852 papir,
1492 1785 1721 1838 zai-letan
1779 1784 2128 1852 papirfolzetfi
2188 1785 2457 1852 pecsettel.
2523 1786 2771 1850 Pozsony
2824 1783 3005 1836 virosi

762 1873 989 1939 leveltar,
1026 1877 1129 1927 lad.
1169 1878 1256 1927 37.
1294 1879 1459 1928 sectio
1500 1879 1548 1929 2.
1588 1876 1663 1928 N0
1703 1878 1849 1928 24⁸⁸.

1657 2164 1734 2226 V.
1784 2157 2114 2242 (DXVIII.)

806 2358 1398 2442 „vandorfejeirvdr
1438 2363 1677 2424 mellett
1721 2381 1771 2425 α
1812 2357 2028 2425 Sza'va
2067 2358 2375 2442 partjdn,
2421 2358 2623 2424 1456.
2661 2357 2792 2443 jail.
2840 2360 2950 2425 28.

758 2532 1124 2595 ³l'ngliacozzoi
1162 2528 1326 2580 ,Ianos
1363 2531 1605 2580 minorita
1643 2534 1906 2580 szcrzetes
1944 2530 2106 2579 levele
2145 2545 2176 2579 a
2213 2527 2660 2594 nandorfejervari
2699 2529 3003 2580 ostromrdl.

970 2713 1343 2775 Reverende
1408 2721 1589 2794 pater
1652 2712 1975 2775 humiliter
2037 2711 2609 2775 recomandatione
2656 2713 3001 2793 premissa.

762 2821 929 2882 Licet
962 2821 1179 2883 multis
1209 2828 1572 2901 occupatus
1618 2820 1894 2899 negotiis
1940 2827 2005 2881 et
2029 2818 2222 2881 variis
2269 2818 2508 2881 scilicet
2555 2820 2620 2880 in
2667 2819 3004 2899 poeniten·

758 2930 986 2989 tiarum
1035 2928 1207 2991 curis
1254 2928 1599 3008 impeditus
1646 2927 1995 3006 aliquando
2040 2934 2261 2989 tamen
2315 2943 2441 3005 que
2491 2934 2642 3005 post
2689 2926 3006 2989 hultimas

758 3053 936 3097 meas
980 3036 1221 3099 litteras
1276 3036 1361 3098 ad
1425 3043 1711 3098 vestram
1778 3034 2224 3115 paternitatem
2288 3032 2477 3096 datas
2542 3033 3009 3114 contingerunt

754 3146 835 3202 :id
883 3144 1161 3205 eandem
1210 3143 1487 3206 scribere
1535 3141 1731 3204 statui
1781 3142 2009 3204 certior
2054 3141 2288 3218 factus,
2340 3140 2494 3220 quia
2557 3141 2620 3203 id
2685 3143 2865 3221 quod
2912 3143 3004 3203 ad

754 3262 814 3310 [e
883 3250 1096 3314 scribo
1167 3251 1473 3313 omnibus
1545 3251 1838 3330 patribus
1905 3256 2166 3330 propter
2242 3265 2470 3311 eorum
2549 3249 3003 3313 consolatione

754 3359 1217 3422 cumunieabis.
1266 3357 1405 3420 Nec
1470 3359 1662 3420 michi
1728 3364 1965 3421 cuncta
2028 3360 2336 3423 exarandi
2402 3359 2642 3440 cupido
2708 3357 3003 3435 incessit,

754 3466 867 3528 sed
914 3484 1127 3547 pauca
1173 3484 1256 3529 ex
1304 3467 1521 3528 multis
1568 3466 1856 3546 digerere
1924 3466 2247 3530 constitui.
2315 3467 2399 3529 Et
2446 3473 2519 3528 ut
2564 3484 2648 3530 ex
2694 3465 2818 3529 hiis
2866 3484 3004 3545 que

750 3575 1107 3636 scribentur
1175 3574 1505 3636 inlicterati
1570 3591 1771 3637 suum
1833 3575 2148 3655 gaudium
2213 3581 2703 3654 consequantur
2770 3591 3003 3637 comu-

754 3682 980 3761 nisque
1051 3682 1131 3744 sit
1201 3682 1509 3745 omnibus
1577 3683 1792 3758 letitia,
1869 3682 2133 3744 scriviro
2212 3682 2274 3743 in
2370 3683 2612 3762 lengua
2675 3681 2997 3744 materna.

960 3788 1079 3852 Per
1123 3791 1344 3851 lettere
1393 3789 1515 3850 che
1563 3790 1687 3851 alla
1717 3796 1940 3852 vostra
1966 3788 2284 3869 paternita
2315 3789 2569 3869 scripsy
2601 3787 2682 3850 de
2711 3789 2777 3851 lu
2811 3805 3001 3851 mese

746 3898 826 3958 dt:
873 3898 1088 3977 magio
1135 3897 1432 3977 proximo
1481 3896 1865 3977 precedente
1922 3915 2005 3960 ve
2051 3898 2280 3977 avisay
2328 3897 2469 3960 dele
2516 3913 2673 3959 cose
2721 3913 3002 3959 occorse

750 4018 806 4066 et
855 4004 935 4066 de
985 4005 1194 4083 quelle
1242 4005 1363 4066 che
1410 4004 1611 4066 allora
1657 4023 1728 4066 se
1778 4005 2126 4068 intendeva
2173 4006 2265 4067 de
2299 4006 2459 4068 fare.
2527 4003 2657 4067 Era
2704 4022 3002 4067 comuna

750 4114 940 4188 sama,
964 4112 1141 4173 cheli
1163 4111 1435 4191 Turchy
1460 4112 1702 4175 colloro
1735 4113 2025 4192 potentia
2056 4113 2354 4175 deveano
2385 4113 2605 4175 venire
2636 4110 2721 4174 ad
2754 4129 3004 4192 campo

746 4222 826 4278 ad
876 4220 1338 4282 Albandander
1384 4236 1627 4282 ovvero
1674 4219 1994 4299 Belgrado
2043 4220 2213 4299 cipta
2273 4221 2498 4282 ultima
2545 4220 2629 4282 de
2677 4218 2997 4299 Ungaria,

746 4327 1185 4390 famosissima
1251 4336 1315 4388 et
1380 4326 1729 4406 principale
1803 4327 2012 4390 chiavi
2061 4328 2141 4390 de
2190 4329 2421 4390 intrare
2477 4329 2543 4389 in
2591 4325 2882 4407 Ungaria
2931 4335 3003 4390 et

750 4435 1053 4514 principio
1102 4436 1183 4496 de
1232 4435 1402 4497 rasia
1449 4436 1573 4498 sita
1621 4436 1682 4496 in
1731 4452 1921 4498 mezo
1969 4435 2051 4498 de
2085 4435 2219 4516 doy
2251 4434 2672 4498 famosissimi
2706 4442 2770 4496 et
2799 4451 2998 4514 gran·

746 4540 989 4602 nissimi
1040 4541 1243 4617 fiumi‚
1290 4541 1584 4604 videlicet
1633 4541 1941 4604 Danubiu
1989 4550 2052 4605 et
2099 4541 2294 4606 Sava.
2347 4541 2600 4623 Questa
2647 4541 2818 4622 cipta
2851 4560 2892 4604 a
2934 4546 3000 4605 e}
