3475 5200
1336 307 1726 360 —325—

1330 526 1764 591 CDXXXVII.

1162 723 1381 804 Bada,
1428 721 1625 788 1506.
1670 737 1830 808 aug.
1877 724 1943 791 5.

432 883 491 934 11.
532 882 753 937 masam
796 882 968 950 tir-ny
1014 883 1263 935 Kanizsai
1310 884 1532 951 Gyiirgy
1585 881 2036 951 nandorfejerviti
2080 881 2293 936 bennak
2345 885 2677 949 :aegiti=.,g,·5]²a²

428 974 578 1039 hogy
613 974 879 1040 bizonyos
914 974 1100 1026 fontes
1136 974 1314 1040 iigyek
1350 972 1750 1040 megbeszelese
1774 972 1956 1040 vegett
1980 971 2215 1026 miel6bb
2252 973 2453 1026 Budare
2485 973 2677 1041 jejjtia.

1448 1139 1844 1203 Commissio
1891 1139 2151 1221 propria
2195 1140 2437 1204 domini
2489 1141 2673 1221 regie„

755 1235 1157 1347 wladislaus
1205 1282 1307 1347 dei
1352 1284 1558 1364 gratia
1605 1302 1719 1347 rex

758 1392 1089 1471 Hungarie
1138 1398 1202 1454 et
1248 1391 1561 1454 Bohemie
1608 1399 1728 1455 etc.

636 1516 997 1605 ‘Magnifice
1041 1516 1250 1579 fidelis
1297 1514 1488 1580 nobis
1535 1517 1786 1580 sincere
1834 1516 2084 1581 dilecte.
2153 1514 2349 1582 Certa
2393 1517 2681 1597 quedam

432 1633 500 1689 et
545 1621 756 1687 ardua
800 1631 1204 1687 emerserunt
1250 1624 1533 1705 negotia,
1600 1632 1862 1706 propter
1917 1642 2049 1705 que
2097 1625 2421 1706 presentia
2469 1633 2685 1685 vestra

435 1732 787 1812 plurimum
824 1731 1211 1813 indigemus.
1264 1733 1543 1797 Proinde
1575 1733 1964 1814 requirimus
2010 1739 2077 1797 et
2118 1735 2457 1797 hortamur
2489 1733 2682 1793 fideli-

435 1844 639 1901 tatem
701 1846 987 1902 vestram
1051 1847 1116 1903 et
1178 1840 1393 1903 eidem
1461 1840 1882 1904 nihilominus
1947 1841 2143 1904 etiam
2200 1841 2465 1903 firmiter
2509 1857 2685 1901 eem-

436 1945 752 2009 mittimus
797 1953 862 2009 et
905 1946 1322 2025 mandamus,
1382 1953 1711 2028 quatenus
1776 1948 1994 2012 statim
2060 1947 2219 2011 visis
2274 1945 2685 2027 presentibus

437 2070 564 2116 vos
609 2053 695 2115 ad
740 2053 857 2117 iter
901 2055 1240 2135 accingere
1306 2064 1537 2137 atque,
1570 2056 1845 2120 celerius
1899 2074 2033 2136 quo
2097 2055 2381 2135 poteritis
2429 2057 2517 2117 act
2561 2069 2685 2117 nea

439 2159 576 2221 huc
620 2159 876 2224 Budam
930 2161 1149 2225 venire
1215 2163 1430 2226 modis
1495 2163 1803 2226 omnibus
1868 2163 2160 2226 debeatis
2207 2169 2271 2224 et
2315 2161 2685 2237 teneamini,

439 2283 639 2331 secus
702 2269 1085 2332 nullomodo
1131 2269 1380 2333 facturi.
1446 2271 1688 2332 Datum
1747 2270 1932 2334 Bude
1979 2270 2042 2334 in
2094 2269 2263 2333 festo
2313 2269 2685 2333 beatissime

438 2371 644 2437 Marie
691 2374 953 2455 virginis
999 2377 1081 2440 de
1129 2375 1314 2455 Nive,
1380 2395 1559 2440 anno
1625 2377 1871 2440 domini
1922 2377 2262 2441 millesimo
2309 2377 2685 2457 quingente-

440 2482 613 2545 simo
658 2489 868 2546 sexto.
2769 2449 2869 2493 ’ᾗ

2733 2537 2837 2577 aug.
2861 2525 2906 2565 ᾗ,

659 2642 866 2707 Kivia
883 2665 907 2708 .·
967 2646 1323 2726 Magnifico
1388 2646 1680 2727 Georgio·
1737 2648 1821 2710 de
1886 2647 2161 2731 Kan‘ysa
2223 2648 2401 2711 bane
2465 2653 2693 2709 nestra

443 2751 504 2813 N
507 2753 964 2817 andoralbensi
1012 2752 1182 2817 fideli
1228 2754 1421 2820 nobis
1467 2754 1717 2818 sincere
1766 2755 2019 2819 dilecto.

663 2911 886 2975 Eredeti‚
940 2913 1108 2978 papir,
1166 2911 1398 2977 zar-latin
1451 2909 1636 2978 pecset
1668 2910 2041 2964 t6redekeivel.
2081 2911 2155 2965 M.
2193 2912 2238 2964 N
2245 2913 2329 2966 M.
2369 2917 2421 2962 tt.

1341 3270 1800 3335 CDXXXVIII.

1123 3463 1493 3544 Tema-vair,
1541 3463 1737 3529 1507.
1784 3463 1936 3550 dpr.
1983 3464 2048 3530 9.

453 3626 600 3677 Somi
635 3624 800 3676 Jozsa
832 3627 1017 3676 tamesi
1053 3621 1267 3690 f6ispt'm
1304 3625 1552 3676 Kanizsai
1592 3625 1918 3693 Gyorgynek
1955 3625 2222 3691 megkiildi
2247 3641 2280 3676 ι
2303 3626 2573 3694 kiralfnak
2601 3642 2705 3690 affl

454 3712 659 3766 lovelet.
697 3714 929 3779 Tudatja
964 3716 1098 3777 vele,
1138 3715 1285 3779 hogy
1322 3730 1355 3765 ι
1392 3713 1562 3782 kiraly
1600 3712 1888 3780 szlgorfian
1924 3717 2264 3783 meghagyta,
2288 3717 2433 3782 haffl-
2473 3734 2501 3766 a
2529 3718 2701 3766 tereti-

453 3805 539 3855 kel
574 3805 745 3856 kssffitt
780 3804 1246 3870 fegyversziinetet
1271 3805 1538 3856 mindenki
1564 3808 1835 3869 pontosan
1860 3809 2161 3870 megtartsa.
2201 3801 2513 3858 SzerenesEt
2541 3802 2697 3854 kimie

778 3894 898 3944 neki
935 3909 968 3944 a
1002 3895 1228 3945 t6r6k6k
1268 3895 1414 3945 felett
1449 3890 1674 3945 kivivott
1709 3890 1875 3960 t'ijabb
1912 3893 2373 3961 gy62edelemhea.

672 4074 1022 4156 Magnifice
1068 4074 1330 4139 domine
1369 4075 1709 4156 amiceque
1745 4076 2146 4146 honorande,
2196 4082 2345 4156 post
2381 4078 2709 4138 salutatio-

459 4200 634 4247 nem.
682 4182 858 4246 Misit
901 4181 987 4245 ad
1034 4199 1159 4246 nos
1205 4183 1514 4246 maiestas
1559 4183 1737 4262 regia
1778 4182 1998 4246 literas
2043 4183 2365 4263 quasdam
2413 4186 2705 4262 magnit-i-

461 4290 672 4354 centie
717 4281 946 4353 vestre'
961 4297 1296 4362 sonantes,
1346 4308 1475 4372 que
1507 4308 1659 4354 cum
1693 4290 2103 4371 presentibus
2156 4290 2242 4353 ad
2290 4290 2709 4370 magnifieen·

460 4400 619 4462 tiam
683 4404 969 4461 vestram
1025 4396 1413 4476 deferentur,
1481 4415 1651 4477 quas
1697 4405 1771 4460 ut
1817 4415 1943 4460 nos
2009 4398 2096 4460 ad
2157 4398 2709 4477 magnificentiam

461 4512 764 4571 vestram*
797 4504 1383 4569 transmitteremus
1429 4523 1556 4568 sua
1599 4506 1912 4570 maiestas
1958 4505 2148 4569 nobis
2194 4506 2465 4586 scripsit,
2513 4502 2709 4566 eredi-
