3475 5200
1819 630 1950 693 XC.

1442 853 1736 931 Mardth,
1791 852 1981 917 1399.
2030 867 2185 934 aug.
2235 855 2339 918 29.

770 1051 1056 1115 Zsigmond
1095 1049 1261 1116 kiraly
1299 1047 1516 1114 Perenyi
1554 1049 1734 1100 Simon
1772 1045 1960 1109 fianak,
2000 1045 2266 1112 Peter-neit,
2293 1065 2325 1098 a
2348 1047 2631 1113 szekelyek
2669 1045 2728 1099 es
2768 1046 3013 1112 Zemplen

767 1148 1050 1214 varmegye
1095 1146 1478 1214 foispanjanalc
1527 1148 1814 1198 tekintettel
1861 1145 2004 1212 foleg
2049 1163 2080 1196 a
2124 1146 2508 1212 ve'gve'saknak,
2563 1148 2761 1197 koztiik
2808 1147 3012 1196 Galam·

765 1247 1022 1310 bocznak,
1071 1263 1102 1297 a
1150 1247 1376 1296 torokok
1427 1247 1580 1297 elleni
1635 1243 2097 1304 oltalmazasaban,
2150 1245 2381 1296 tovabba
2424 1262 2455 1295 a
2491 1246 2839 1296 havasalffildi
2887 1246 3011 1294 had·

762 1344 1021 1410 ,ἰὼ-αἴδεο,
1061 1346 1450 1396 nemkiilonben
1488 1361 1518 1394 a
1554 1345 1866 1395 torokokkel
1902 1361 1933 1395 a
1972 1343 2190 1396 szeremi
2220 1343 2455 1410 ve‘geken
2493 1345 2763 1410 folytatott
2799 1343 3011 1394 kiizdel-

767 1444 990 1493 mekben
1019 1449 1243 1494 szerzett
1283 1441 1580 1505 erdemeire,
1621 1459 1683 1492 az
1725 1443 1937 1508 Ugocsa
1975 1441 2361 1509 varmegyeben
2400 1442 2561 1492 sekv6
2599 1439 2791 1493 Szolos
2829 1439 3011 1506 kiralyi

1256 1542 1437 1593 viu-ost
1473 1540 1851 1593 tartozekaival
1887 1544 2071 1607 egyiitt
2109 1541 2523 1607 adomiinyozza.
2609 1580 2612 1583 .

979 1727 1077 1786 ΑΖ
1128 1724 1378 1787 oklevel
1431 1724 1697 1804 Perenyi
1756 1724 2069 1788 Petemek
2115 1722 2468 1786 Szerbiaba
2521 1721 2594 1785 es
2646 1740 2687 1783 a
2734 1689 3013 1784 torbkok

766 1835 930 1895 ellen
965 1833 1216 1895 inditott
1260 1832 1685 1910 hadjaratban
1731 1840 2005 1895 szerzett
2045 1831 2420 1894 erdemeir6l
2448 1848 2489 1891 a
2520 1826 3010 1907 kovetkezokep

766 1940 1123 2002 emlekezik
1181 1957 1366 2020 meg:
1434 1990 1460 2016 ‚,
1518 1987 1528 1996 .
1583 1988 1593 1998 .
1647 1986 1660 2000 .
1707 1942 1999 2020 pensatis
2055 1947 2117 2002 et
2174 1940 2433 2002 attentis
2488 1938 2903 2000 fidelitatibus
2951 1943 3012 1997 et

767 2047 1056 2109 fidelium
1104 2049 1510 2111 servitiorum
1558 2049 1749 2110 laude
1807 2048 2019 2126 dignis
2066 2048 2306 2109 meritis
2366 2089 2715 2110 ......
2774 2044 3012 2122 quibus

766 2155 936 2216 idem
988 2200 1402 2218 .......
1453 2157 1646 2218 variis
1705 2155 1963 2218 fortune
2021 2156 2306 2230 casibuS,
2356 2171 2471 2233 pro
2525 2152 2794 2214 tuitione
2853 2168 3011 2212 con-

767 2263 1070 2325 finiorum
1104 2264 1252 2326 dicti
1288 2265 1466 2342 regni
1499 2265 1701 2327 nostri
1734 2272 1960 2326 contra
1992 2258 3012 2325 immanissimorum’Turcorum

765 2369 1046 2432 insultus
1094 2372 1475 2434 crebern'me
1524 2388 1596 2433 se
1645 2372 2064 2452 opponendo,
2114 2378 2411 2432 notanter
2457 2367 2637 2447 quod
2683 2365 2835 2445 quia
2873 2365 3011 2444 ipse

767 2478 1072 2555 magister
1103 2477 1330 2540 Petrus
1363 2479 1520 2540 dum
1555 2496 1678 2541 nos
1711 2486 1998 2541 castrum
2040 2486 2336 2540 nostrum
2383 2475 2783 2537 Galambocz
2821 2490 3013 2533 voca-

764 2591 902 2645 tum
951 2585 1015 2645 in
1064 2603 1262 2665 regno
1320 2593 1542 2649 nostro
1599 2585 1828 2649 Rascie
1887 2587 2195 2649 situatum
2244 2595 2307 2647 et
2354 2601 2469 2671 per
2524 2584 2703 2663 ipsos
2758 2579 2817 2642 T
2820 2596 3013 2641 urcos

767 2699 1061 2769 potenter
1116 2702 1510 2774 occupatum
1561 2714 1712 2757 cum
1762 2697 1901 2757 aliis
1950 2695 2187 2757 nostris
2238 2694 2537 2755 fidelibus
2594 2687 3014 2771 personaliter

765 2801 1258 2879 obsederamus,
1295 2803 1434 2882 ipse
1467 2805 1775 2883 magister
1814 2804 2041 2866 Petrus
2074 2804 2156 2864 ad
2196 2799 2693 2864 reobtinendum
2736 2814 2850 2877 per
2889 2812 3012 2856 nos

765 2915 830 2968 et
861 2910 1478 2988 reappropriandum
1518 2912 1806 2973 dominio
1840 2919 2062 2973 nostro
2103 2912 2349 2972 dietum
2390 2915 2678 2969 castrum
2711 2905 2838 2965 sub
2870 2904 3012 2981 ipso

761 3022 983 3076 *castro
1058 3016 1348 3095 seipsum
1406 3027 1667 3081 strenue
1724 3018 2043 3080 exhibens
2097 3018 2322 3079 mortis
2379 3014 2663 3094 pericula
2718 3028 2835 3091 pro
2883 3009 3012 3071 dia-

766 3123 1043 3185 dematis
1091 3133 1152 3184 et
1201 3126 1497 3187 culminis
1554 3128 1753 3188 nostri
1812 3127 2058 3188 honore
2117 3125 2378 3187 minime
2429 3119 2813 3191 formidavit,
2881 3117 3011 3185 imo

763 3230 847 3292 ibi
898 3248 1012 3310 per
1059 3232 1226 3293 ictus
1275 3233 1653 3312 sagittarum
1697 3241 1760 3295 et
1801 3236 2075 3294 telorum
2123 3233 2395 3293 adverse
2444 3229 2642 3309 partis
2690 3228 2753 3288 in
2804 3224 3012 3305 capite

763 3355 889 3400 suo
913 3339 1101 3400 letale
1133 3342 1373 3403 vulnus
1407 3341 1713 3420 suscepit,
1737 3341 2001 3402 tandem
2034 3347 2255 3401 autem
2280 3339 2420 3416 ipse
2449 3336 2755 3414 magister
2785 3333 3013 3417 Petrus

764 3447 844 3509 de
883 3448 1114 3511 virtute
1158 3449 1220 3509 in
1262 3449 1563 3510 virtutem
1605 3448 2046 3528 progredienS,
2079 3447 2238 3508 dum
2271 3444 2496 3524 prefati
2540 3441 2736 3504 Turci
2786 3455 3010 3518 regno-

764 3575 908 3618 rum
965 3564 1338 3618 nostrorum
1386 3565 1447 3619 et
1493 3558 1692 3619 totius
1741 3555 2221 3617 christianitatis
2267 3558 2717 3633 persecutores
2771 3548 3011 3608 distric-

762 3672 903 3726 tum
960 3671 1256 3725 nostrum
1314 3664 1709 3743 Erdsomlyo
1782 3663 1958 3724 ferali
2022 3662 2347 3741 impietate
2415 3660 2804 3733 invaserant,
2875 3655 3013 3733 ipse

767 3774 1077 3853 magister
1131 3773 1359 3835 Petrus
1410 3773 1670 3835 leonino
1727 3772 2062 3832 accinctus
2119 3770 2372 3844 robore,
2421 3772 2648 3828 contra
2711 3764 3014 3825 incursus

763 3882 1056 3961 ipsorum
1124 3880 1743 3942 immanissimorum
1801 3878 2169 3939 Turcorum
2225 3894 2298 3937 se
2355 3874 2689 3952 objicienS,
2739 3870 2823 3932 ibi
2879 3877 3011 3931 tam

763 3998 1028 4052 strenue
1084 4008 1158 4051 se
1212 3989 1435 4067 gessit,
1494 3987 1670 4067 quod
1726 3987 2059 4047 vexillum·
2092 3984 2378 4046 ductoris
2426 4027 2764 4042 ......
2814 3978 3014 4057 partis

764 4099 1040 4160 adverse
1075 4114 1190 4176 per
1221 4113 1342 4159 sue
1372 4095 1795 4157 humanitatis
1825 4094 2273 4155 strenuitatem
2297 4088 2655 4152 auferendo
2693 4084 3012 4148 maiestati

763 4213 983 4267 nostre
1042 4223 1192 4266 cum
1251 4204 1579 4283 triumpho
1640 4203 2002 4265 destinavit.
2054 4201 2181 4264 Ubi
2233 4201 2425 4261 etiam
2476 4198 2538 4258 in
2588 4214 2722 4258 uno
2770 4195 3011 4274 pedum

769 4329 1041 4374 suorum
1089 4329 1288 4391 grave
1336 4313 1576 4373 vulnus
1625 4311 1881 4388 recepit,
1932 4326 2046 4388 per
2100 4326 2298 4385 quam
2349 4324 2541 4369 suam
2598 4304 2834 4383 agilem
2896 4301 3013 4364 hu-

766 4420 1143 4481 manitatem
1178 4470 1190 4480 .
1229 4466 1240 4479 .
1283 4469 1292 4480 .
1329 4437 1410 4480 us
1445 4419 1789 4481 multitudo
1838 4417 2307 4494 regnicolarum
2356 4420 2727 4475 nostrorum
2774 4410 3014 4471 utrius-

766 4549 896 4609 que
931 4546 1154 4601 sexus,
1206 4545 1374 4605 quos
1422 4528 1743 4588 dictorum
1789 4525 1847 4585 T
1852 4541 2155 4586 urcorum
2206 4523 2417 4583 rabies
2459 4521 2782 4582 abducere
2814 4533 3010 4578 cona-
