3475 5200
566 1669 570 1673 .
658 1603 900 1666 moque
947 1588 1070 1649 alia
1118 1588 1552 1652 confiniorum
1613 1590 1879 1669 pretacti
1930 1591 2109 1669 regni
2165 1589 2367 1651 nostri
2426 1596 2658 1665 castra,
2706 1587 2905 1649 modo

1587 291 1969 344 -136—

652 517 782 573 tem
824 519 887 574 et
922 513 1214 591 gratiam.
1258 512 1575 591 Quamvis
1623 512 1792 574 soliti
1840 513 2039 575 moris
2086 521 2148 574 et
2196 513 2515 575 hactenus
2562 513 2897 575 immutate

653 628 875 682 nostre
933 620 1207 682 extiterit
1272 620 1786 683 conswetudinis
1843 621 2255 683 subditorum
2311 627 2685 682 nostrorum
2751 621 2897 681 alle-

654 726 918 790 viationi
977 735 1040 790 et
1096 727 1532 790 sublimationi
1589 728 1920 791 intendere
1978 745 2101 790 nec
2176 729 2240 790 in
2296 745 2526 791 eorum
2582 745 2895 806 umquam

659 835 1074 914 gravedinem
1133 838 1296 898 dura
1351 836 1764 899 vehementia
1836 837 2162 913 anhelare,
2228 844 2452 899 tamen
2518 837 2898 915 urgentibus

661 943 948 1022 undique
995 945 1495 1007 necessitatibus
1543 945 1857 1024 prenotati
1892 945 2068 1024 regni
2105 945 2305 1008 nostri
2354 944 2705 1023 Hungarie,
2756 961 2898 1023 pre·

658 1051 878 1112 sertim
914 1067 1071 1113 vero
1101 1051 1601 1113 advenientibus
1640 1052 1999 1114 novissime
2037 1052 2229 1114 nobis
2263 1051 2455 1114 certis
2503 1051 2901 1113 novitatibus

658 1157 972 1236 adversiS,
1022 1177 1102 1220 ex
1160 1167 1341 1238 parte
1399 1161 1915 1222 sewissimorum
1974 1158 2342 1221 Turcorum
2398 1159 2611 1221 crucis
2667 1155 2901 1220 Christi

656 1271 1169 1344 persecutorum,
1219 1267 1490 1345 qualiter
1536 1267 1652 1345 ipsi
1702 1273 2327 1352 castrum-nostrum
2370 1265 2904 1329 Nandoralbense

654 1379 790 1433 tam
845 1389 959 1452 per
1014 1376 1334 1449 navalem,
1383 1392 1582 1452 quam
1628 1374 1824 1436 etiam
1872 1391 1986 1455 per
2030 1381 2394 1436 terrestrem
2442 1374 2791 1453 potentiam
2840 1381 2905 1432 et

658 1481 1011 1542 exercitum
1059 1482 1367 1544 hostiliter
1405 1482 1820 1544 obsedissent
1859 1491 1921 1544 et
1961 1482 2561 1544 circumvallassent
2597 1480 2658 1541 in
2694 1479 2903 1559 proxi-

657 1695 841 1756 simili
909 1695 1390 1773 circumvalare,
1458 1698 1750 1776 aliasque
1817 1705 2032 1776 partes
2091 1697 2422 1758 inferiores
2478 1696 2618 1758 vice
2684 1695 2907 1757 iterata

661 1799 984 1879 invadere,
1052 1805 1331 1883 spoliare
1396 1813 1461 1866 et
1526 1806 1794 1868 omnino
1866 1805 2208 1867 devastare
2279 1804 2700 1868 intenderent.
2769 1801 2907 1863 Nos

659 1907 847 1987 igitur
892 1910 1267 1974 huiusmodi
1315 1913 1612 1992 periculis
1662 1914 1862 1993 regni,
1901 1929 2028 1993 que
2068 1929 2302 1974 omnes
2351 1911 2738 1973 unanimiter
2775 1916 2907 1970 tan·

657 2023 821 2094 gunt
868 2019 1043 2080 omni
1092 2019 1316 2081 favore
1357 2028 1420 2083 et
1450 2021 1691 2083 auxilio
1739 2038 2077 2083 occurrere
2125 2029 2189 2082 et
2234 2019 2497 2082 obviare
2534 2025 2671 2080 toto
2710 2034 2909 2096 posse

665 2131 888 2186 nostro
949 2125 1359 2189 intendentes
1424 2129 1910 2209 proposuimus,
1970 2136 2040 2190 ut
2097 2129 2255 2189 dum
2313 2145 2466 2189 cum
2534 2125 2790 2205 prelatis
2846 2133 2909 2184 et

674 2231 1028 2312 baronibus
1082 2235 1586 2315 proceribusque
1634 2236 1832 2298 huius
1880 2235 2057 2314 regni
2108 2235 2306 2297 nostri
2355 2233 2687 2313 Hungarie
2735 2248 2911 2293 nunc

673 2338 774 2398 hic
823 2340 1165 2403 nobiscum
1215 2343 1580 2405 constitutis
1627 2344 1805 2405 varia
1844 2351 1908 2405 et
1938 2343 2311 2422 multiplicia
2356 2341 2778 2415 avisamenta,
2828 2355 2911 2399 ne

672 2445 830 2506 dum
869 2447 954 2508 ad
983 2448 1415 2512 resistendum
1448 2450 1848 2531 prefatorum
1880 2451 1938 2512 T
1943 2467 2247 2512 uteorum
2288 2448 2650 2525 insultibuS,
2685 2463 2909 2508 verum

672 2553 862 2615 etiam
929 2556 1013 2617 ad
1080 2557 1393 2621 internam
1460 2558 1985 2622 reformationem
2054 2558 2229 2638 regni
2297 2556 2495 2620 nostri
2562 2563 2625 2617 et
2680 2570 2911 2634 pacem

672 2659 900 2721 sedula
957 2670 1174 2724 mente
1233 2665 1466 2728 modos
1536 2667 2022 2746 exquireremus
2080 2672 2507 2745 opportunoS,
2577 2663 2739 2725 inter
2791 2661 2915 2722 alia

677 2784 790 2844 pro
832 2769 1100 2831 tuitione
1147 2780 1210 2833 et
1248 2775 1744 2836 conservatione
1783 2775 2216 2854 predictorum
2260 2780 2621 2835 castrorum
2662 2777 2912 2832 nostro-

674 2893 817 2936 rum
888 2879 1164 2956 partium
1232 2878 1603 2943 inferiorum
1661 2899 1796 2943 non
1853 2899 2073 2961 parva,
2120 2898 2348 2959 ymmo
2396 2879 2664 2958 copiosa
2711 2894 2914 2957 quan-

674 2983 849 3044 titate
899 2987 1319 3063 pecuniarum
1371 2990 1884 3050 necessariarum
1934 2989 2321 3068 indigemuS,
2370 2987 2562 3048 aliam
2600 2985 2913 3064 aptiorem

674 3090 847 3151 viam
916 3094 1150 3172 negotii
1211 3095 1397 3157 istius
1454 3097 1638 3158 celeri
1694 3097 2174 3177 opportunitate
2234 3101 2662 3156 concurrente
2718 3091 2914 3172 potis-

675 3197 835 3259 sime
893 3218 1158 3278 quoque
1213 3220 1294 3263 ex
1352 3221 1484 3281 quo
1543 3205 1791 3266 noviter
1847 3202 2267 3282 primordium
2335 3201 2533 3263 nostri
2593 3198 2917 3279 regiminis

674 3321 908 3368 sumus
955 3309 1188 3387 adepti,
1239 3310 1524 3374 invenire
1572 3311 2005 3391 nequivimus,
2056 3311 2177 3373 nisi
2218 3318 2286 3372 ut
2326 3328 2367 3371 a
2402 3308 2590 3370 vobis
2628 3306 2815 3368 sicuti
2853 3314 2917 3365 et

675 3412 758 3473 ab
796 3414 934 3475 aliis
975 3418 1213 3479 nostris
1262 3419 1629 3480 civitatibus
1667 3428 1730 3480 et
1765 3418 1996 3497 opidiS,
2041 3418 2403 3479 subsidium
2454 3413 2913 3495 peccuniarum

677 3520 800 3581 hac
849 3522 986 3584 vice
1035 3527 1478 3603 exquiramus.
1530 3526 1941 3606 Quapropter
1986 3534 2119 3587 tam
2167 3533 2537 3604 opportuna
2582 3530 2646 3585 et
2692 3537 2914 3601 perva-

673 3627 798 3689 lide
837 3633 1207 3693 necessaria
1248 3642 1317 3694 ut
1355 3635 1752 3715 pretangitur
1799 3652 1923 3696 nos
1972 3632 2360 3695 necessitate
2407 3631 2583 3710 regni
2625 3637 2915 3707 cogente,

676 3735 1186 3816 quadringentos
1245 3741 1527 3803 florenos
1583 3743 1724 3803 auri
1775 3742 1914 3821 puri
1963 3741 2049 3801 ad
2096 3747 2377 3801 vestram
2434 3736 2915 3799 universitatem

678 3860 794 3920 pro
843 3844 1081 3907 auxilio
1120 3854 1183 3908 et
1223 3848 1604 3910 defensione
1653 3848 2088 3928 predictorum
2138 3853 2500 3908 castrorum
2548 3850 2919 3907 nostrorum

677 3950 1050 4013 inferiorum
1098 3961 1160 4015 et
1208 3954 1538 4033 signanter
1583 3955 2159 4029 NandoralbensiS,
2211 3955 2274 4015 in
2327 3969 2458 4031 quo
2506 3951 2685 4013 salus
2741 3947 2917 4026 regni

677 4058 874 4120 nostri
924 4058 1257 4141 Hungarie
1305 4065 1577 4125 existere
1625 4064 1899 4140 videtur,
1942 4081 2057 4143 pro
2091 4069 2242 4122 taxa
2272 4052 2915 4138 imponentes,2fide·

678 4166 921 4227 litatem
955 4167 1159 4246 ipsius
1194 4178 1403 4232 vestre
1438 4173 1871 4234 universitatis
1912 4172 2244 4249 diligenter
2285 4176 2347 4229 et
2386 4167 2630 4229 seriose
2664 4164 2919 4243 requiri-

680 4288 832 4333 mus
862 4274 1070 4336 eidem
1108 4277 1473 4340 firmissime
1508 4281 2011 4353 committenteS,
2040 4284 2365 4355 quatenus
2397 4272 2630 4352 agnitis
2662 4288 2920 4350 presen-

679 4380 853 4441 tibus
911 4389 1237 4460 pretactos
1294 4389 1803 4467 quadringentos
1861 4388 2143 4448 florenos
2203 4384 2342 4462 puri
2399 4381 2536 4442 auri
2594 4380 2675 4441 de
2726 4378 2918 4440 vestri

681 4488 896 4549 medio
935 4490 1115 4551 iuxta
1157 4494 1353 4555 unius
1392 4496 1710 4573 cuiusque
1749 4503 2039 4556 vestrum
2089 4491 2483 4566 facultatem,
2532 4486 2922 4567 quantocius
