3475 5200
1376 447 1442 455 -
1518 419 1623 471 383
1695 450 1766 461 ..-

447 653 581 699 000
614 634 830 699 timete
862 642 1159 720 mortem,
1189 637 1450 717 queritis
1482 638 1774 701 martires
1820 646 1883 701 et
1912 639 2212 701 volabitis
2243 639 2327 701 ad
2370 640 2584 701 celum
2632 645 2701 701 et

447 743 692 806 similia.
737 742 1142 808 Visitavamo
1184 744 1226 807 li
1273 744 1526 824 infirmi,
1583 744 1906 809 dicivamo
1951 747 2010 808 10
2058 762 2294 809 messe.
2346 743 2695 810 Succurre-

446 866 645 913 vamo
690 850 794 913 alli
839 851 1042 933 poviri
1088 851 1230 915 dele
1278 858 1499 915 nostre
1547 869 1705 915 cose
1752 850 1876 914 che
1922 870 2245 916 avevamo
2283 859 2379 916 tre
2408 851 2589 915 bocti‘
2611 851 2698 915 de

448 957 603 1020 vino
649 976 686 1022 e
733 959 1045 1040 bisscopti
1083 960 1276 1035 assai,
1310 964 1447 1022 una
1491 961 1681 1023 bocte
1727 960 1811 1023 de
1856 949 2065 1024 farina
2111 978 2193 1024 co
2241 961 2422 1023 multi
2471 960 2699 1023 sacchi

447 1081 485 1126 e
532 1083 665 1127 una
711 1066 901 1128 bocte
948 1067 1030 1129 de
1073 1084 1279 1146 grano
1327 1084 1364 1129 e
1409 1084 1604 1130 carne
1649 1069 1858 1130 salata
1911 1086 1949 1130 e
1996 1069 2176 1131 casio
2222 1085 2260 1131 e
2306 1067 2462 1130 altre
2512 1084 2693 1145 cose,

449 1173 531 1234 de
577 1179 806 1252 queste
845 1190 1001 1236 cose
1031 1174 1449 1237 secondoche
1482 1193 1587 1238 me
1618 1193 1862 1255 pareva
1893 1175 2329 1256 despensava,
2365 1192 2476 1237 ma
2505 1175 2695 1255 quasi

445 1280 604 1344 tucti
651 1280 759 1344 noi
827 1289 1131 1344 stavamo
1188 1281 1443 1345 infirmi.
1493 1281 1683 1346 Frate
1748 1283 2102 1346 Ambrosio
2168 1283 2547 1345 callivicava
2591 1283 2696 1345 col

450 1387 669 1467 padre,
716 1388 830 1449 uni
877 1395 1160 1451 stemmo
1209 1385 1347 1450 XIII
1383 1387 1446 1450 di
1487 1389 1551 1451 in
1584 1395 1819 1470 questa
1865 1390 2034 1453 festa
2083 1407 2119 1452 e
2165 1391 2230 1452 18
2277 1391 2551 1452 carestia
2583 1406 2695 1452 era
2813 1417 2816 1424 ·

446 1494 693 1575 grande
740 1512 777 1557 e
821 1496 886 1556 la
932 1495 1252 1558 mortalita
1306 1497 1476 1558 nella
1521 1496 1709 1577 cipta.
1778 1496 1863 1559 Et
1928 1514 2062 1576 poy
2107 1496 2247 1559 XIII
2293 1496 2357 1559 di
2425 1496 2508 1559 de
2555 1514 2695 1578 poy

448 1602 511 1663 la
557 1601 899 1666 obsidione
948 1604 1047 1664 cio
1095 1620 1133 1666 e
1178 1602 1264 1665 ad
1292 1602 1458 1665 XIIII
1489 1603 1552 1665 di
1599 1601 1681 1666 de
1726 1605 1796 1666 lu
1845 1620 2028 1666 mese
2074 1604 2281 1666 eccho
2328 1603 2546 1666 venire
2578 1604 2693 1684 piu
2712 1616 2803 1673 Jtil.
2836 1616 2909 1660 u.

449 1708 532 1771 de
580 1707 691 1772 CC
735 1711 878 1772 vele
934 1727 974 1773 e
1017 1710 1083 1773 in
1139 1727 1291 1773 esse
1352 1711 1466 1791 piu
1528 1711 1611 1773 de
1673 1717 1770 1774 tre
1844 1710 2019 1773 milia
2081 1727 2362 1791 persone
2408 1729 2447 1773 e
2495 1711 2695 1774 molte

448 1816 832 1880 bommarde
878 1823 943 1880 et
988 1835 1103 1898 per
1144 1825 1313 1880 terra
1380 1819 1466 1881 ab
1524 1824 1800 1898 utraque
1871 1825 2052 1899 parte
2120 1817 2424 1896 Danubii,
2482 1818 2696 1897 questi

450 1941 653 1988 erano
698 1925 885 2005 quasi
952 1925 1109 1988 tucti
1181 1924 1490 1995 cruciferi,
1558 1924 1793 1988 sorono
1858 1942 1972 2006 per
2026 1932 2194 1988 terra
2239 1941 2276 1987 e
2323 1942 2437 2004 per
2483 1942 2699 2005 acqua

450 2032 668 2096 circha
697 2031 898 2095 XVIII
930 2032 1102 2095 milia
1133 2050 1415 2113 persone
1461 2051 1498 2096 e
1541 2034 1581 2096 li
1629 2033 1740 2096 dui
1789 2032 2072 2096 Johanni
2120 2033 2302 2096 missi
2351 2050 2467 2113 per
2502 2039 2696 2095 terra.

450 2138 540 2203 Le
586 2140 771 2221 galee
817 2139 901 2204 de
944 2140 986 2202 li
1033 2137 1302 2221 Turchy
1367 2148 1650 2205 stavano
1712 2157 1915 2222 supra
1976 2142 2040 2204 la
2105 2142 2278 2221 cipta
2323 2140 2511 2221 quasi
2556 2156 2700 2203 uno

449 2246 645 2309 millio
707 2247 949 2311 taliano
1021 2265 1059 2311 e
1121 2247 1274 2310 dala
1336 2247 1509 2329 cipta
1588 2247 1826 2312 forono
1895 2247 2372 2330 apparecchiati
2435 2247 2547 2329 piu
2612 2245 2702 2310 de

448 2353 696 2435 XXXX
742 2355 989 2419 homini
1054 2356 1221 2419 bene
1275 2357 1524 2432 armati,
1570 2356 1611 2418 11
1679 2356 1852 2436 quali
1915 2356 2231 2418 andando
2292 2354 2375 2417 de
2420 2361 2614 2418 socto
2657 2371 2700 2417 e

449 2461 586 2523 altri
633 2460 715 2525 de
762 2479 960 2543 supra
993 2464 1376 2526 conclusero
1415 2465 1476 2526 10
1512 2463 1696 2545 galee
1725 2463 1808 2526 de
1838 2462 2151 2543 Turchy
2135 2480 2200 2525 ιο
2232 2477 2479 2525 mezzo.
2512 2460 2700 2524 Duro

447 2569 511 2631 la
557 2569 829 2634 mischia
875 2572 1063 2652 quasi
1110 2571 1251 2635 deci
1297 2571 1458 2635 hore
1506 2589 1542 2635 e
1589 2571 1825 2636 forono
1872 2571 2131 2653 repulse
2174 2570 2236 2634 le
2283 2570 2469 2634 decte
2509 2569 2702 2651 galee

449 2676 531 2742 de
578 2677 849 2759 Turchy
879 2679 966 2742 da
1011 2686 1233 2743 nostre
1264 2680 1416 2742 navi
1455 2696 1580 2742 con
1607 2679 1858 2760 grande
1887 2680 2027 2743 loro
2059 2677 2370 2759 dampnO,
2408 2675 2699 2759 peroche

448 2794 543 2849 tre
589 2786 672 2850 de
719 2802 877 2867 epse
923 2786 1157 2850 sorono
1222 2785 1455 2867 pilliate
1518 2788 1607 2850 da
1651 2794 1896 2865 nostre,
1963 2804 2000 2850 e
2066 2785 2302 2850 sorono
2371 2782 2700 2849 submersi

448 2894 553 2956 nel
599 2892 908 2957 Danubiu
953 2894 1066 2976 piu
1111 2894 1193 2957 de
1240 2893 1388 2957 milli
1434 2894 1705 2974 Turchy
1751 2902 1816 2956 et
1870 2893 2106 2957 forono
2152 2892 2317 2955 feriti
2361 2892 2522 2955 tanti
2572 2890 2701 2954 che

449 3000 638 3080 quasi
685 3018 774 3064 no
820 3008 1149 3081 potevano
1197 2999 1447 3063 rimare.
1513 2998 1599 3064 Et
1644 3017 1720 3063 se
1767 3017 1857 3063 no
1913 2998 2095 3063 fosse
2142 2998 2264 3062 che
2312 2999 2481 3063 nella
2524 3015 2702 3062 nave

449 3115 673 3171 nostra
718 3125 793 3171 se
837 3109 1003 3172 mise
1047 3108 1247 3171 focho
1293 3109 1463 3171 nella
1502 3108 1767 3188 polvere
1812 3106 1895 3171 de
1941 3108 2001 3170 le
2046 3106 2430 3170 bommarde
2458 3122 2574 3188 per
2603 3105 2701 3168 in-

448 3214 793 3295 prudentia
845 3214 997 3297 dely
1043 3214 1523 3296 bommardery,
1580 3220 1756 3278 tucte
1819 3215 1880 3277 le
1943 3214 2130 3277 decte
2157 3248 2161 3252 >
2173 3214 2360 3294 galee
2406 3213 2703 3276 serriano

449 3328 618 3385 state
663 3338 873 3404 prese,
921 3322 1100 3386 unde
1145 3321 1215 3386 fo
1260 3321 1637 3387 necessario
1667 3322 1884 3385 chela
1913 3327 2137 3385 nostra
2183 3337 2353 3383 nave
2399 3338 2473 3384 se
2504 3325 2700 3383 reter-

448 3447 653 3504 rasse‚
686 3447 796 3493 ma
833 3430 1052 3493 subito
1098 3428 1167 3493 fo
1213 3429 1569 3493 remediato
1599 3430 1666 3492 10
1693 3427 1887 3492 decto
1916 3428 2072 3492 foco
2103 3446 2141 3493 e
2176 3445 2265 3491 no
2297 3427 2438 3491 fece
2469 3427 2701 3491 danno

447 3553 533 3600 00
576 3537 662 3600 ad
709 3553 879 3601 nave
923 3554 1009 3601 ne
1055 3536 1140 3599 ad
1184 3537 1435 3600 homini
1502 3554 1577 3600 se
1640 3553 1775 3600 non
1824 3536 1949 3599 che
1993 3536 2060 3599 in
2105 3535 2388 3598 fratanto
2433 3551 2508 3597 se
2553 3550 2701 3598 ces·

447 3661 721 3708 sarrono
763 3645 824 3707 10
868 3645 1075 3725 galee,
1138 3644 1221 3707 de
1289 3643 1491 3707 nostri
1555 3661 1639 3707 ne
1702 3644 1939 3707 forono
1995 3643 2185 3707 morti
2231 3641 2434 3704 XXX.
2493 3640 2563 3704 Io
2607 3658 2701 3704 ne

445 3750 620 3815 viddi
667 3752 781 3833 piu
825 3752 908 3816 de
954 3751 1016 3815 X
1045 3752 1389 3833 decapitati
1429 3750 1741 3843 reportati
1765 3751 1890 3814 alla
1919 3758 2106 3814 terra.
2154 3749 2240 3813 Et
2284 3766 2421 3830 poy
2455 3748 2700 3812 forono

444 3878 634 3969 prese
680 3859 767 3923 da
811 3866 1037 3924 nostra
1081 3878 1251 3924 nave
1294 3868 1389 3924 tre
1438 3877 1608 3923 nave
1655 3837 1751 3923 de
1784 3857 2059 3940 Turchy
2101 3858 2184 3921 de
2229 3856 2475 3919 homini
2524 3873 2562 3919 e
2609 3855 2697 3918 de

445 3960 624 4047 cose,
672 3975 736 4031 et
782 3984 1256 4048 recuperarono
1301 3969 1371 4031 lu
1416 3984 1619 4048 passo
1665 3967 1748 4030 de
1809 3968 1877 4029 lu
1925 3965 2230 4029 Danubio
2294 3982 2332 4028 e
2394 3965 2456 4026 10
2519 3978 2700 4027 nave

444 4082 669 4140 nostre
715 4092 789 4140 se
833 4075 1205 4143 fermarono
1270 4075 1442 4138 dove
1487 4091 1690 4138 erano
1755 4079 1923 4165 state
1986 4072 2048 4136 10
2110 4072 2294 4153 galee
2340 4079 2406 4135 et
2450 4068 2698 4133 ibidem

445 4190 627 4251 tucta
669 4184 733 4246 18
776 4189 974 4265 gente
1019 4183 1188 4246 conli
1234 4182 1402 4247 decti
1465 4181 1578 4245 dui
1630 4181 1667 4244 J
1670 4179 1935 4245 ohanni.
2005 4178 2092 4244 Et
2137 4179 2202 4242 in
2249 4196 2422 4261 poco
2465 4185 2700 4260 tempo

445 4307 520 4354 se
565 4289 948 4354 adunareno
992 4290 1104 4371 piu
1149 4289 1232 4353 de
1277 4288 1394 4353 LX
1437 4289 1613 4353 milia
1646 4304 1928 4370 persone
1960 4287 2147 4368 quasi
2186 4286 2345 4349 tucti
2375 4284 2687 4349 cruciferi.

445 4397 517 4460 Li
562 4397 835 4479 Turchy
862 4397 1303 4461 attendevano
1334 4398 1421 4460 ad
1459 4396 1716 4461 dessare
1746 4397 1806 4459 le
1834 4413 2045 4459 mura.
2074 4393 2160 4458 Et
2189 4396 2256 4458 10
2285 4393 2349 4458 di
2374 4399 2699 4475 sequente

441 4522 579 4586 poy
624 4507 688 4568 la
731 4504 1003 4569 victoria
1045 4503 1129 4568 de
1173 4505 1234 4568 10
1280 4521 1451 4567 08νο
1511 4522 1547 4568 0
1593 4504 1676 4566 de
1719 4503 1784 4567 10
1827 4504 2015 4585 galee
2059 4502 2399 4566 101181000-
2432 4501 2485 4564 11-
2520 4500 2695 4565 deeti

442 4613 554 4677 dui
600 4612 862 4676 Johann
909 4613 1014 4675 nel
1061 4612 1328 4676 castello
1375 4629 1501 4675 con
1548 4610 1660 4694 piu
1724 4612 1807 4675 de
1871 4618 1967 4674 tre
2013 4610 2186 4674 milia
2232 4626 2514 4693 persone
2560 4626 2695 4673 con
