3475 5200
1335 351 1406 368 —
1480 329 1584 383 107
1661 358 1723 368 -
1780 375 1813 392 ,.

413 569 627 616 minos
669 560 739 614 et
784 552 972 632 signa
1015 552 1275 613 metalia
1322 550 1616 613 eiusdem
1663 550 2108 630 possessionis
2141 551 2561 614 decurrentes
2592 560 2657 613 et

413 662 785 723 adiacentes
852 665 1243 739 occupasset
1305 665 1370 719 et
1433 658 1737 737 occupari
1788 657 2068 734 fecisset,
2126 676 2205 720 ac
2252 659 2337 721 ad
2392 676 2656 738 posses·

414 768 665 831 sionem
732 767 990 830 illustris
1056 766 1314 846 Georgii
1380 765 1638 844 despoti
1694 765 1922 827 Rascie
1980 766 2248 829 domino
2304 767 2405 829 sui
2472 765 2656 829 Deda

412 882 718 938 vocatam
764 875 1145 937 annexisset
1209 873 1498 953 potentia
1563 873 1911 950 mediante,
1970 874 2211 952 quibus
2273 874 2656 954 iobagiones

411 983 705 1045 eiusdem
770 982 1025 1061 despoti
1090 981 1515 1061 possessione
1580 998 1705 1043 sua
1761 980 1823 1042 in
1890 982 2122 1043 eadem
2170 988 2655 1044 commorantes

411 1095 745 1153 uterentur
810 1090 1005 1151 etiam
1072 1088 1154 1151 de
1219 1087 1499 1167 presenti
1565 1088 1629 1150 in
1685 1088 2111 1167 preiudicium
2177 1096 2241 1151 et
2295 1089 2653 1170 dampnum

411 1198 731 1262 dictorum
779 1196 1247 1277 exponentium
1293 1196 1483 1258 valde
1544 1214 1876 1275 magnum.
1935 1196 2080 1276 Que
2136 1197 2231 1259 sic
2277 1197 2450 1259 facta
2495 1198 2653 1275 fore,

411 1306 602 1369 iidem
650 1311 1055 1385 exponentes
1105 1304 1294 1367 certis
1339 1304 1535 1366 literis
1583 1304 2021 1367 affirmatoriis
2072 1305 2305 1368 exinde
2340 1305 2655 1368 confectis

410 1420 715 1477 asserunt
760 1430 833 1476 se
899 1430 1098 1493 posse
1165 1413 1612 1491 comprobare.
1663 1409 1876 1491 Super
1922 1430 2054 1491 quo
2111 1412 2394 1475 fidelitati
2442 1419 2655 1475 vestre

414 1521 680 1583 firmiter
725 1521 1150 1601 precipientes
1196 1521 1614 1597 mandamuS,
1682 1527 2011 1598 quatenus
2059 1527 2349 1582 vestrum
2391 1519 2656 1582 mittatis

410 1629 743 1691 hominem
791 1645 910 1707 pro
955 1628 1327 1693 testimonio
1377 1626 1800 1706 fidedignum,
1847 1645 1980 1708 quo
2027 1634 2329 1707 presente
2398 1628 2655 1690 Blasius

413 1738 494 1798 de
542 1736 816 1815 Bagtha,
880 1737 985 1797 vel
1049 1735 1292 1798 Paulus
1357 1735 1439 1796 de
1504 1734 1903 1811 Rakamaza,
1970 1735 2068 1797 sin
2129 1721 2533 1798 Cristoforus'
2573 1735 2657 1798 de

413 1844 665 1919 eadem,
731 1860 818 1904 an
883 1841 1265 1905 Vincentius
1331 1843 1413 1905 de
1481 1842 1823 1919 BeseneW,
1890 1860 2057 1904 neve
2121 1843 2508 1905 Valentinus
2574 1842 2656 1905 de

414 1951 606 2030 Bary,
652 1950 792 2012 aliis
838 1950 1222 2013 absentibus
1268 1951 1472 2013 homo
1520 1956 1762 2026 noster,
1811 1958 2043 2013 evocet
2071 1951 2396 2030 prefatum
2436 1949 2657 2014 Ladis-

411 2059 588 2120 laum
657 2057 859 2119 filium
927 2057 1262 2120 Michaelis
1311 2067 1536 2120 contra
1584 2066 1936 2121 annotatos
1984 2057 2410 2134 Clementem,
2479 2057 2655 2138 Dyo·

412 2165 650 2227 nisium
714 2171 778 2226 et
842 2163 1216 2227 Ladislaum
1263 2172 1558 2227 nostram
1624 2165 1687 2227 in
1734 2166 2128 2244 presentiam
2175 2166 2262 2228 ad
2307 2166 2654 2228 terminum

414 2278 912 2351 competentem,
938 2272 1253 2335 rationem
1300 2273 1767 2353 premissorum
1803 2271 2127 2349 reddituri,
2159 2273 2283 2335 litis
2312 2273 2655 2352 pendentis

415 2377 467 2442 si
513 2398 643 2458 qua
719 2378 886 2444 foret
950 2380 1114 2442 inter
1177 2379 1357 2459 ipsos
1422 2397 1557 2442 non
1623 2381 1952 2458 obstante,
2008 2387 2073 2442 et
2103 2381 2395 2459 >posthec
2450 2380 2655 2460 ipsius

413 2487 813 2551 evocationis
860 2489 1094 2551 seriem
1143 2506 1294 2552 cum
1344 2489 1607 2552 nomine
1655 2490 1931 2567 evocati,
1979 2488 2387 2567 terminoque
2450 2488 2654 2566 assig-

351 2672 358 2675 ‚
415 2600 567 2659 nato
598 2575 789 2658 nobis
821 2594 1091 2659 fideliter
1129 2596 1512 2660 rescribatis
1549 2595 1794 2658 Datum
1833 2596 2016 2658 Bude
2048 2596 2112 2658 in
2144 2595 2313 2658 festo
2345 2595 2656 2658 kathedre

414 2702 578 2765 beati
626 2703 791 2766 Petri
829 2706 1128 2785 apostoli,
1161 2722 1340 2767 anno
1372 2704 1614 2767 domini
1647 2705 1990 2766 millesimo
2017 2704 2656 2784 quadringentesimo

365 2854 374 2859 -
414 2810 733 2874 tricesimo
779 2813 1079 2893 septimo,
1126 2829 1476 2890 regnorum
1523 2818 1897 2874 nostrorum
1943 2829 2119 2874 anno
2167 2811 2503 2891 Hungarie
2532 2820 2652 2873 etc.

415 2915 559 2993 L¹¹¹⁰,
593 2917 1041 2982 Romanorum
1071 2919 1325 2995 XXVII,
1360 2918 1673 2981 Bohemie
1706 2919 1901 2996 XVII,
1937 2920 2180 3000 imperii
2212 2937 2370 2982 vero
2400 2927 2654 2998 quarto.

414 3023 551 3087 Nos
597 3025 788 3105 igitur
832 3026 1155 3089 mandatis
1200 3033 1415 3088 vestre
1465 3027 1845 3088 excellentie
1889 3026 2150 3089 obedire
2198 3027 2538 3107 cupientes
2585 3034 2657 3086 ut

413 3138 728 3210 tenemur,
777 3152 1066 3196 unacum
1113 3132 1365 3214 prefato
1413 3133 1630 3196 Blasio
1679 3134 1761 3196 de
1810 3133 2065 3196 Baktha
2112 3134 2379 3196 homine
2444 3140 2657 3195 vestre

415 3240 792 3319 maiestatis,
872 3260 1082 3304 unum
1158 3259 1241 3305 ex
1309 3242 1518 3320 nobis,
1596 3242 1892 3316 videlicet
1957 3242 2220 3303 fratrem
2290 3242 2657 3305 Johannem

414 3348 858 3427 presbiterum,
907 3350 992 3411 ad
1036 3350 1355 3430 premissa
1414 3350 1786 3432 peragenda
1850 3357 2075 3412 nostro
2123 3366 2241 3429 pro
2287 3347 2658 3411 testimonio

415 3455 890 3519 transmisimus
929 3457 1350 3537 fidedignum.
1387 3459 1513 3539 Qui
1550 3458 1816 3520 tandem
1838 3457 2072 3518 exinde
2114 3456 2200 3518 ad
2236 3472 2361 3519 nos
2400 3454 2657 3530 reversi,

416 3561 604 3624 nobis
650 3563 1052 3627 uniformiter
1094 3567 1467 3643 retulerunt,
1515 3566 1693 3646 quod
1740 3565 1862 3645 ipsi
1909 3564 2067 3626 feria
2112 3571 2301 3627 sexta
2364 3562 2659 3642 proxima

416 3676 564 3731 ante
609 3671 1006 3735 dominicam
1055 3673 1643 3753 Ramispalmarum
1691 3672 1985 3752 proxime
2032 3671 2400 3752 preteritam
2451 3668 2657 3750 prefa-
2702 3645 2871 3742 mg&

415 3782 552 3839 turn
599 3777 972 3843 Ladislaum
1019 3781 1221 3845 filium
1269 3781 1602 3844 Michaelis
1634 3783 1715 3844 de
1749 3779 1960 3843 Gezth
1992 3782 2055 3842 in
2089 3780 2347 3856 tributo,
2382 3778 2445 3840 in
2495 3777 2658 3840 facie

416 3887 855 3963 possessionis
901 3887 1192 3968 Theglas
1237 3895 1472 3952 vocate
1518 3888 1686 3970 exigi
1733 3889 1947 3962 solit0,
2015 3895 2242 3950 contra
2307 3893 2659 3949 annotatos

419 3990 839 4074 Clementem,
889 3996 1277 4076 Dyonisium
1325 4003 1387 4059 et
1435 3997 1812 4059 Ladislaum
1860 3997 1941 4059 de
1990 3995 2235 4073 Beken,
2270 3996 2355 4056 ad
2387 3999 2659 4056 octavas

419 4098 560 4163 festi
606 4101 778 4165 beati
825 4102 1082 4184 Georgii
1130 4105 1404 4167 martiris
1452 4122 1628 4167 nunc
1673 4105 1929 4168 venturi
1976 4111 2191 4167 vestre
2249 4101 2659 4165 sublimitatis
2700 4110 2877 4163 mas-1-

418 4218 808 4272 evocassent
854 4210 916 4272 in
966 4213 1379 4291 presentiam,
1430 4212 1751 4275 rationem
1798 4212 2265 4292 premissorum
2332 4207 2657 4285 reddituri,

418 4315 535 4377 litis
580 4317 923 4397 pendentis
970 4320 1024 4381 si
1073 4336 1204 4398 qua
1253 4320 1417 4382 foret
1464 4321 1630 4382 inter
1676 4321 1858 4399 ipsos
1891 4336 2023 4381 non
2058 4319 2381 4381 obstante.
2415 4316 2657 4378 Datum
2736 4377 2839 4422 ¹437

2732 3003 2837 3046 1437

2679 3076 2796 3118 febr.
2817 3075 2886 3118 22.

421 4424 641 4501 quinto
688 4426 791 4488 die
838 4427 961 4489 diei
999 4428 1402 4490 evocationis
1434 4427 1777 4504 antedicte‚
1811 4444 1987 4488 anno
2021 4425 2264 4503 domini
2296 4432 2655 4506 prenotato.
2696 4450 2864 4546 mgcz.

630 4565 855 4631 Eredeti,
882 4569 1047 4634 papir,
1075 4566 1307 4619 ztir-latin
1333 4566 1518 4635 pecset
1556 4568 1877 4633 nyomaival.
1917 4566 1988 4617 M.
2029 4564 2091 4616 N.
2126 4566 2215 4630 M.,
2252 4566 2477 4630 Hanvay
2503 4580 2575 4615 cs.
2602 4565 2657 4615 lt.
