3475 5200
1348 327 1737 381 —313-

418 547 724 621 Ceterum
781 564 902 628 per
967 565 1073 610 me
1130 548 1592 627 presentialiter
1652 548 1829 610 adire
1898 548 2199 616 volebam
2272 547 2450 611 omni
2519 565 2669 609 met]

414 661 661 718 conatu
732 654 1282 733 magnificentiam
1348 662 1653 733 vestram,
1729 655 1846 717 sed
1911 669 2120 746 ausus
2183 658 2434 736 absque
2504 657 2669 725 scitu

417 762 896 841 magnificentie
943 767 1156 824 vestre
1204 780 1337 824 non
1372 762 1464 823 sui
1497 762 1689 825 exire.
1725 760 1793 825 Si
1832 762 2396 843 impresentiarum
2425 765 2669 843 magni*

418 870 672 931 fioentie
718 876 933 931 vestre
981 868 1276 931 introitus
1323 886 1458 931 non
1508 868 1641 946 erit,
1691 877 1759 931 et
1801 870 2287 949 magnificentia
2329 877 2549 932 vestra
2585 873 2669 933 ad

386 976 642 1040 ‚Velike
689 976 1114 1053 descenderit,
1163 983 1405 1040 extunc
1453 994 1652 1056 cogor
1691 978 1880 1039 certis
1912 978 1999 1040 ob
2031 977 2251 1044 causis
2289 984 2352 1040 et
2397 977 2670 1057 negotiis

417 1086 580 1147 meis
645 1085 817 1147 exire
862 1084 947 1146 ad
995 1085 1211 1163 Posga
1276 1091 1340 1147 et
1403 1084 1488 1146 ad
1534 1084 2083 1164 magnificentiam
2147 1092 2452 1147 vestram.
2519 1085 2669 1150 Ideo

419 1191 716 1270 dignetur
761 1191 1243 1272 magnificentia
1290 1198 1505 1255 vestra
1569 1210 1675 1254 me
1724 1191 2017 1270 edocere,
2067 1207 2264 1271 quem
2311 1192 2560 1259 interim
2609 1193 2669 1253 in

418 1298 743 1379 presentia
806 1298 1283 1377 magnificentie
1347 1304 1562 1360 vestre
1611 1298 2024 1362 substituam.
2083 1298 2413 1362 Nonnulla
2476 1299 2665 1362 etiam

417 1405 636 1468 medio
702 1405 898 1467 huius
962 1405 1290 1467 familiaris
1356 1405 1482 1467 mei
1548 1406 2026 1485 magnificentie
2090 1415 2307 1470 vestre
2365 1408 2669 1477 intimavi*

418 1514 608 1576 cuius
654 1514 826 1576 dicta
868 1513 1354 1593 magnificentia
1385 1521 1602 1576 vestra
1647 1514 1951 1595 dignetur
1985 1513 2246 1576 credere
2276 1531 2356 1576 ac
2387 1513 2669 1577 eundem

418 1621 725 1683 citissime
772 1621 1042 1700 absque
1090 1622 1222 1682 ulla
1271 1638 1457 1683 mora
1522 1621 1842 1684 remittere
1909 1621 2391 1701 magnificentia
2456 1629 2669 1685 vestra

417 1729 567 1790 velit
613 1736 677 1790 et
723 1728 1020 1808 dignetur
1064 1728 1351 1807 gratiosa
1380 1729 1708 1791 relatione.
1761 1728 2004 1791 Datum
2035 1728 2472 1806 Nandoralbe,
2516 1728 2673 1791 feria

418 1836 645 1913 quinta
675 1835 972 1915 proxima
1003 1843 1153 1916 post
1186 1834 1423 1897 festum
1457 1836 1665 1898 sancti
1696 1836 1876 1897 Pauli
1902 1824 2086 1917 primi
2110 1835 2437 1900 heremite.
2482 1836 2669 1899 1504.
2749 1805 2853 1849 ¹⁵⁶³*

2709 1877 2881 1929 jau-1211.

1013 1978 1308 2040 eiusdem
1356 1986 1569 2041 vestre
1617 1978 2097 2057 magnificentie
2147 1979 2354 2041 fidelis
2402 1980 2673 2041 servitor

1513 2086 1796 2150 Mathias
1844 2087 2182 2150 Horwath.

421 2336 424 2340 Ι
636 2244 871 2309 Kivaz:
922 2246 1273 2326 Magnifico
1306 2247 1573 2310 domino
1606 2256 1669 2310 et
1701 2247 1969 2311 domino
1999 2247 2282 2328 Georgio
2316 2247 2397 2309 de
2428 2247 2669 2309 Kanisa

418 2354 597 2415 bano
644 2353 1160 2417 Nandoralbensi
1209 2361 1328 2417 etc.
1380 2356 1647 2417 domino
1696 2373 1846 2417 meo
1891 2355 2382 2434 gratiosissimo.

635 2492 863 2559 Eredeti,
904 2495 1070 2559 papir,
1108 2492 1337 2545 zeii-latim
1375 2494 1640 2560 pecsettel.
1681 2496 1752 2547 M.
1793 2494 1857 2547 O.
1898 2494 1960 2544 D.
2002 2494 2057 2545 L.
2099 2496 2290 2546 25426.
2331 2509 2408 2545 sz.

1348 2766 1743 2829 cnxxv111.

1092 2936 1308 3022 Bada,
1357 2890 1565 3010 15042*
1604 2940 1852 3010 mam.
1904 2943 2006 3008 21.

417 3106 792 3156 Bornemissza
828 3104 993 3157 Ja'mos
1039 3104 1223 3171 kirfilyi
1248 3105 1585 3158 kinostarnok
1625 3104 2392 3175 fijbolmeghagyjaaszegedi
2430 3100 2669 3154 sokama-

414 3192 699 3258 rasoknak,
755 3196 901 3261 hogy
956 3194 1202 3247 Kanizsai
1258 3195 1478 3262 Gyiirgy
1532 3192 1977 3260 nandorfejervtiri
2034 3191 2244 3244 brinnak
2291 3208 2322 3242 a
2380 3194 2498 3244 neki
2555 3194 2669 3257 jaim

415 3282 601 3334 fizetes
640 3283 846 3349 sejeben
885 3301 916 3336 a
953 3283 1118 3351 kiraly
1155 3284 1276 3337 altal
1314 3302 1346 3336 a
1371 3286 1585 3350 szegedi
1622 3281 1961 3336 sokamanira
1990 3281 2387 3348 utalvanyozott
2413 3283 2519 3333 500
2549 3285 2673 3334 sttui

1382 3370 1607 3425 sszessek
1646 3376 1714 3427 ki.
1838 3387 1846 3392 ·

636 3537 891 3618 Egregii
918 3539 1107 3601 nobis
1132 3538 1359 3601 dilecti.
1388 3539 1538 3602 Dari
1560 3538 2110 3620 deputaveramus
2134 3556 2249 3619 per
2268 3537 2428 3599 alias
2458 3536 2673 3600 literaff.

418 3652 680 3708 nostras
726 3646 1076 3726 magnifico
1114 3645 1382 3708 domino
1431 3645 1713 3725 Georgio
1747 3646 1829 3708 de
1857 3646 2130 3726 Kanysa
2176 3646 2350 3707 bano
2382 3643 2669 3707 Nandor-
2761 3710 2861 3754 Teffl

418 3752 671 3814 albensi
716 3753 822 3815 ad·
848 3753 1164 3816 rationem
1214 3754 1445 3816 sallarii
1492 3754 1592 3816 sui
1626 3753 1780 3815 anni
1812 3752 2108 3834 preteriti,
2153 3752 2329 3832 quod
2363 3752 2673 3831 expiravit
2697 3736 2809 3826 {eh}
2841 3776 2889 3822 Η

420 3861 483 3921 in
534 3859 702 3922 sesto
766 3860 936 3922 beati
983 3859 1304 3922 Valentini
1375 3860 1648 3922 martiris
1712 3859 2007 3940 proxime
2072 3859 2371 3938 preterito
2436 3859 2499 3919 in
2573 3858 2673 3918 illa

421 3984 683 4029 camera
728 3967 1110 4046 Zegediensi
1157 3970 1329 4031 sales
1377 3970 1442 4030 in
1472 3970 1691 4031 valore
1723 3969 2116 4030 florenorum
2150 3951 2669 4046 quingentorum,

420 4092 595 4153 quos
640 4083 713 4137 ut
758 4075 1191 4138 intelleximus
1256 4076 1552 4139 nondum
1619 4076 1829 4138 eidem
1897 4075 2280 4138 restituistis,
2341 4072 2673 4153 Rogamus-

421 4181 614 4260 igitur
659 4199 782 4244 vos
830 4189 893 4244 et
940 4183 1398 4246 nichilominus
1462 4183 1544 4246 de
1608 4182 1945 4245 voluntate
2009 4188 2073 4244 et
2130 4179 2441 4244 mandato
2506 4197 2673 4242 sere-

419 4288 672 4351 nissimi
720 4289 964 4352 domini
1006 4291 1208 4353 nostri
1254 4290 1424 4371 regis
1471 4292 1705 4354 harum
1753 4290 1916 4352 serie
1956 4289 2146 4352 vobis
2188 4288 2673 4358 committimus..

420 4403 751 4475 quatenus
773 4398 1059 4477 acceptis
1079 4399 1512 4478 presentibu5‚
1527 4398 1744 4469 dictos
1764 4397 2267 4477 quingentorum
2277 4396 2669 4459 florenorum

420 4502 563 4564 auri
612 4504 786 4567 sales
831 4505 1044 4567 eidem
1092 4504 1358 4567 domino
1407 4505 1686 4584 Georgio
1736 4505 1818 4568 de
1866 4503 2138 4584 Kanysa
2166 4504 2270 4567 vel
2302 4503 2677 4585 hominibus
