3475 5200
1709 392 2100 444 —466—

781 615 894 671 dati
943 629 1053 668 con
1103 616 1153 668 le
1187 628 1291 667 sue
1327 613 1627 667 monitioni
1674 613 1717 669 li
1748 613 1902 682 quali
1955 628 2042 667 me
2092 628 2240 669 sono
2290 614 2416 668 stati
2465 614 2790 683 gratissimi,
2856 620 2910 668 et
2963 614 3028 668 in

777 727 983 791 questo
1049 727 1240 791 tempo
1306 716 1400 789 gia
1453 720 1491 773 li
1557 718 1768 775 Turchi
1835 735 2139 790 occupano
2209 726 2351 774 tutto
2409 722 2458 773 el
2515 719 2826 775 Dannubio
2872 727 2928 775 et
2973 724 3030 776 le

781 832 902 883 loro
949 842 1117 894 nave,
1169 828 1337 896 quale
1385 829 1478 881 nel
1525 827 1676 881 dicto
1725 826 2036 882 Dannubio
2085 830 2474 895 descendon0‚
2524 827 2847 882 facilmente
2893 844 3033 898 pos-

781 952 927 991 sflno
962 936 1167 989 havere
1198 935 1438 990 transito
1483 934 1540 988 in
1576 934 1890 1004 Hungaria,
1927 933 2254 1003 imperoche
2288 950 2457 990 como
2498 934 2528 988 ὲ
2563 935 2736 1003 dicto,
2770 942 3031 1006 tengono

781 1051 833 1095 ci
881 1057 1185 1111 occupano
1234 1039 1329 1111 gia
1373 1047 1516 1096 tutto
1566 1044 1616 1096 el
1665 1040 1993 1108 Dannubio‚
2046 1048 2098 1095 et
2145 1057 2259 1111 ogy
2306 1047 2638 1112 aspectamo
2680 1045 2754 1096 da
2800 1044 2922 1097 loro
2969 1045 3031 1097 la

777 1149 1080 1204 obsidione
1114 1150 1183 1202 ad
1235 1153 1438 1218 questo
1487 1149 1743 1214 castello,
1794 1147 2315 1230 perche-giammai
2364 1151 2402 1204 li
2449 1148 2659 1204 Turchi
2709 1149 2915 1205 forono
2964 1151 3029 1205 in

781 1258 970 1327 quella
1034 1271 1323 1326 possanza
1389 1262 1442 1309 et
1488 1256 1649 1310 forza
1713 1270 1861 1310 sono
1929 1257 1982 1310 al
2048 1262 2327 1326 presente,
2396 1263 2448 1311 et
2504 1258 2561 1310 la
2607 1257 2896 1327 republica
2952 1260 3031 1311 de

777 1364 1090 1430 christiani,
1159 1365 1214 1416 la
1279 1361 1406 1417 sede
1473 1361 1773 1432 captolica,
1842 1369 1893 1417 et
1960 1364 2176 1432 populo
2243 1363 2556 1419 christiano
2622 1371 2676 1417 et
2739 1364 2925 1418 anche
2971 1368 3029 1418 el

781 1485 1008 1540 regamo
1057 1473 1127 1524 de
1175 1469 1472 1539 Hungaria
1520 1485 1667 1524 sono
1716 1471 2017 1540 sottoposti
2069 1472 2141 1524 ad
2190 1471 2480 1525 immentio
2550 1471 2821 1540 periculo,
2871 1478 2925 1527 et
2970 1478 3029 1528 el

781 1579 1006 1647 signore
1081 1577 1343 1631 Zohanni
1412 1584 1578 1630 conte
1644 1575 2024 1632 Bastriciense
2090 1577 2119 1631 ὲ
2187 1578 2319 1647 ogni
2379 1575 2435 1632 di
2486 1580 2593 1631 alle
2643 1593 2814 1632 mano
2860 1585 2916 1633 et
2963 1580 3027 1634 in

781 1685 1048 1754 hattaglia
1113 1700 1222 1738 con
1292 1685 1433 1749 lor0,
1504 1699 1598 1737 ma
1663 1685 1755 1737 chi
1824 1684 2011 1754 porria
2073 1687 2146 1738 ad
2212 1691 2370 1740 tanto
2432 1685 2682 1740 exercito
2748 1692 2801 1739 et
2863 1692 3026 1740 tanta

781 1792 1138 1847 multitudine
1186 1807 1360 1846 senza
1409 1791 1670 1845 subsidio
1719 1799 1772 1846 et
1819 1792 1975 1846 aiuto
2024 1792 2154 1846 delli
2204 1793 2329 1846 altri
2380 1793 2651 1861 giammai
2721 1794 3028 1848 resistere?

781 1899 882 1952 Per
927 1901 981 1953 la
1029 1900 1163 1967 qual
1230 1914 1371 1952 cosa
1429 1913 1602 1967 prego
1652 1901 1705 1951 la
1752 1906 1945 1953 vostra
2001 1899 2257 1968 signoria
2319 1900 2393 1968 gli
2462 1900 2682 1968 piaccia
2743 1916 2847 1970 par
2912 1916 3027 1955 suo

781 2007 943 2060 fidele
1014 2012 1066 2059 et
1131 2008 1328 2060 veloce
1399 2020 1589 2060 messo
1661 2005 1923 2060 advisare
1991 2007 2039 2059 el
2106 2007 2582 2060 reverendissimo
2650 2008 3026 2077 monsignore

777 2119 959 2179 legato
987 2114 1057 2166 de
1084 2113 1267 2182 questi
1297 2113 1551 2182 periculi,
1581 2113 1774 2167 insulti
1800 2120 1852 2167 et
1885 2113 2281 2182 occupatione,
2319 2128 2467 2168 sono
2501 2113 2559 2168 in
2585 2115 2677 2167 nel
2710 2114 3026 2169 Dannubio

777 2220 1055 2275 ndeioche
1114 2222 1167 2274 la
1217 2235 1323 2273 sua
1390 2220 1863 2274 reverendissima
1930 2221 2182 2289 signoria
2247 2220 2487 2274 sollicite
2558 2227 2611 2274 et
2677 2222 2904 2275 stimule
2972 2226 3026 2276 el

777 2328 1145 2381 serenissimo
1194 2343 1251 2381 re
1286 2333 1339 2381 et
1370 2328 1492 2381 tutti
1544 2327 1783 2396 principi
1820 2328 2189 2382 ecclesiastici
2225 2335 2278 2381 et
2311 2328 2573 2395 seculari,
2610 2329 2715 2382 che
2749 2329 3025 2398 vogliano

785 2441 1029 2503 prestare
1078 2436 1272 2489 favore
1322 2441 1375 2487 et
1431 2435 1692 2488 subsidio
1741 2436 1813 2488 ad
1862 2436 2118 2488 resistere
2166 2435 2241 2488 ad
2288 2442 2491 2504 questo
2559 2451 2695 2504 gran
2745 2436 3026 2505 pericu10‚

781 2540 1102 2612 imperoche
1151 2542 1365 2595 oramai
1423 2557 1538 2595 non
1590 2540 1621 2596 ὸ
1667 2542 1766 2611 piu
1815 2547 2005 2611 tempo
2071 2543 2141 2595 de
2190 2542 2433 2595 dormire
2481 2548 2535 2596 et
2580 2549 2727 2596 stare
2774 2543 2830 2596 in
2880 2543 3023 2610 otio,

781 2666 871 2703 ma
919 2649 949 2703 ὲ
997 2655 1186 2717 tempo
1237 2656 1289 2703 et
1324 2649 1462 2702 hora
1510 2650 1619 2702 iam
1671 2650 1739 2702 de
1789 2664 1996 2703 somno
2046 2665 2296 2718 surgere.
2349 2649 2500 2704 Ecco
2550 2651 2643 2719 gia
2689 2651 2794 2704 che
2827 2652 3024 2719 quello

777 2759 845 2811 dc-
893 2757 998 2810 che
1057 2771 1176 2825 uny
1243 2755 1612 2810 dubitavamo
1659 2754 1755 2810 n’e
1822 2757 2196 2823 intervenutO,
2249 2773 2386 2812 ecco
2433 2758 2521 2826 gia
2575 2758 2679 2812 che
2731 2754 2767 2812 l’
2823 2757 3024 2812 inclito

777 2878 997 2932 regame
1055 2864 1124 2917 de
1190 2862 1485 2931 Hungaria
1551 2879 1611 2915 se
1677 2878 1795 2917 non
1866 2880 1926 2916 se
1987 2864 2044 2917 fa
2101 2864 2438 2930 resistentia,
2490 2865 2518 2918 ὲ
2569 2881 2667 2935 per
2719 2866 2913 2920 venire
2959 2865 3023 2918 in

773 2985 965 3037 nianO,
1017 2970 1372 3024 subiectione
1422 2977 1475 3023 et
1522 2970 1734 3024 ditione
1784 2971 1853 3023 de
1902 2969 2133 3024 Turchi.
2201 2971 2491 3026 Aduncha
2557 2987 2620 3025 se
2668 2974 2719 3026 el
2775 2989 2832 3026 re
2879 2981 2934 3026 et
2981 2973 3022 3025 li

773 3079 891 3132 altri
960 3078 1220 3147 principi,
1289 3077 1488 3131 baroni
1549 3085 1602 3131 et
1649 3079 1843 3147 prelati
1912 3078 1983 3130 de
2030 3079 2221 3146 quello
2272 3094 2495 3147 regame
2562 3094 2678 3133 non
2747 3081 3021 3149 vogliono

773 3200 960 3238 essere
1008 3185 1215 3238 visitati
1265 3186 1338 3237 da
1384 3183 1593 3239 Turehi
1663 3190 1715 3238 et
1764 3185 2047 3238 cerchano
2108 3191 2159 3238 et
2207 3185 2476 3254 vogliono
2544 3186 2846 3242 defendere
2894 3189 3020 3240 loro

769 3291 1029 3359 dominii,
1101 3307 1364 3360 vengano
1438 3307 1471 3344 o
1537 3307 1670 3345 vero
1707 3289 1713 3293 ’
1752 3293 2038 3345 mandeno
2119 3293 2240 3345 loro
2319 3293 2546 3345 exerciti
2625 3293 2847 3348 militari
2918 3295 3019 3362 qui

769 3398 864 3452 4111'
906 3398 1131 3467 oposito
1182 3406 1235 3451 et
1283 3413 1399 3452 non
1450 3406 1764 3467 expecteno
1831 3404 2020 3468 tempo
2086 3401 2155 3451 de
2204 3400 2410 3453 dovere
2468 3414 2671 3454 cavare
2720 3400 2756 3454 li
2803 3399 3036 3454 Turchi‘

773 3507 914 3560 delle
963 3506 1186 3574 proprie
1245 3507 1365 3559 loro
1417 3505 1771 3573 habitationi,
1824 3505 2150 3575 imperoche
2194 3507 2292 3575 qui
2326 3523 2359 3559 a
2391 3508 2520 3560 loco
2554 3514 2687 3576 apto
2722 3513 2774 3561 et
2805 3507 3017 3561 idoneo

769 3616 837 3664 :id
890 3612 1165 3677 resistere,
1217 3613 1311 3680 qui
1365 3613 1392 3665 ὲ
1444 3614 1571 3665 loco
1622 3618 1753 3682 apto
1803 3614 1876 3665 da
1924 3612 2155 3681 pigliare
2206 3629 2338 3666 cum
2387 3614 2499 3667 essi
2550 3616 2606 3668 la
2652 3615 2922 3684 battaglia
2962 3622 3019 3668 et

769 3719 865 3788 qui
892 3734 953 3772 se
987 3719 1114 3773 vole
1141 3720 1486 3774 combattere
1522 3719 1798 3772 adcioche
1825 3719 1920 3789 poi
1956 3719 2062 3772 che
2096 3721 2216 3773 loro
2254 3735 2401 3774 sono
2452 3721 2662 3788 signori
2701 3721 2831 3775 dell’
2865 3738 3017 3792 aque

773 3842 885 3880 nun
934 3826 1197 3879 iaeciano
1245 3826 1429 3879 anche
1480 3828 1622 3879 delle
1671 3833 1831 3880 terre.
1884 3826 2083 3881 Scriva
2130 3828 2399 3881 adoncha
2445 3829 2499 3880 la
2538 3835 2731 3881 vostra
2763 3828 3019 3897 signoria

769 3938 817 3984 η]
869 3933 1345 3987 reverendissimo
1381 3932 1751 4000 monsignore
1802 3936 2005 4001 legato,
2043 3935 2147 3987 che
2196 3935 2387 4001 voglia
2419 3949 2527 3988 sua
2552 3935 2805 4002 signoria
2845 3943 3017 3990 nocte

769 4052 818 4092 ct
867 4040 922 4093 di
972 4041 1105 4093 dare
1141 4055 1312 4110 opera
1345 4056 1455 4094 con
1506 4044 1553 4095 el
1589 4040 1806 4110 prefato
1856 4058 1911 4094 re
1960 4048 2012 4094 et
2059 4041 2180 4093 altri
2230 4040 2442 4109 signori
2495 4042 2601 4094 che
2650 4042 2722 4095 ad
2755 4042 3017 4097 resistere

769 4152 837 4200 ml
889 4156 1089 4217 questo
1161 4150 1427 4204 iminente
1496 4151 1749 4220 periculo
1798 4156 1851 4202 et
1898 4150 2144 4203 instante
2194 4146 2476 4203 necessita
2532 4150 2818 4203 debbiano
2885 4166 3018 4205 soc-

765 4272 983 4309 cos-rere
1033 4264 1084 4310 et
1133 4258 1265 4311 dare
1315 4258 1470 4311 aiuto
1520 4265 1571 4310 et
1620 4257 1901 4322 subsidio,
1954 4264 2005 4310 et
2054 4257 2109 4310 in
2144 4257 2194 4309 lc
2229 4257 2416 4310 lettere
2466 4257 2619 4325 quali
2655 4271 2788 4311 essa
2820 4265 3019 4312 vostra

769 4364 1018 4428 signorm
1066 4364 1136 4433 gli
1187 4362 1464 4419 mandari}
1512 4365 1870 4435 piacendogli
1938 4360 2161 4433 poter-ra
2211 4364 2499 4418 includere
2557 4364 2755 4418 dentro
2814 4372 3017 4433 queste

765 4479 955 4524 nostre
1007 4473 1076 4524 ad
1127 4471 1258 4533 fine,
1312 4473 1418 4525 che
1468 4474 1519 4526 la
1569 4489 1674 4526 sua
1723 4472 2199 4526 reverendissima
2248 4487 2426 4541 possa
2483 4471 2579 4541 piu
2628 4472 3016 4526 chiaramente

765 4580 1170 4648 comprendere
1221 4585 1273 4632 et
1322 4580 1611 4634 intendere
1676 4587 1879 4648 questa
1947 4584 2207 4650 presente
2275 4586 2329 4633 'et
2384 4585 2542 4633 tanta
2588 4585 2885 4647 tempesta.
2952 4578 3017 4632 Io
