3475 5200
1331 369 1724 423 —337—

403 591 632 668 simuS,
680 597 755 653 ut
797 597 1028 671 gentes
1059 606 1221 652 suas
1252 595 1512 669 paratas
1544 589 1813 665 habeat,
1854 595 1916 649 et
1959 587 2119 649 dum
2154 604 2431 650 ⁴necesse
2461 573 2649 650 fuerit

402 698 489 760 ad
533 703 823 760 vestram
869 696 1355 776 requisitionem
1402 713 1521 775 pro
1568 696 1733 757 illius
1774 694 1952 774 regni
1985 693 2365 757 defensione
2403 695 2653 757 mittere

405 812 603 867 curet.

619 945 856 1010 Kivul:
902 946 1255 1027 Magnifico
1303 945 1571 1007 domino
1618 943 1902 1024 Georgio
1945 944 2026 1007 de
2067 946 2337 1026 Kanysa
2385 910 2560 1007 bano
2594 957 2653 1041 et

406 1054 752 1133 capitaneo
800 1062 917 1116 etc.
966 1054 1233 1120 domino
1279 1061 1342 1115 et
1390 1052 1562 1114 fratri
1611 1059 1837 1115 nostro
1885 1052 2296 1115 honorando,

624 1194 848 1260 Eredeti,
885 1194 1057 1259 papir,
1092 1191 1324 1244 zarlatan
1362 1190 1546 1258 pecset
1581 1192 1902 1256 nyomaival.
1941 1192 2013 1244 M.
2054 1191 2118 1246 Ο.
2161 1192 2222 1273 D.
2264 1192 2318 1244 L.
2344 1192 2657 1272 ,25525.·sz.

1345 1479 1728 1541 CDXLVIII.

1132 1674 1348 1751 Bada,
1389 1615 1596 1738 2511.
1638 1671 1791 1756 jan.
1835 1672 1946 1738 29.

413 1816 473 1869 11.
512 1814 730 1868 Uldszlo
767 1814 934 1882 kiraly
971 1814 1296 1882 Szentpeteri
1322 1814 1513 1867 Laszlo
1552 1814 1737 1882 kirfflyi
1774 1814 2231 1869 kincstdrnoknak·
2257 1816 2318 1868 65
2345 1833 2376 1867 a
2401 1815 2661 1883 ve'gvarak

414 1903 797 1971 provisoranak
844 1907 1177 1971 meghagyja,
1223 1907 1370 1971 hogy
1407 1901 1852 1969 Nandorfejervir
1887 1904 2035 1957 vtis-at
2082 1907 2255 1972 Ujlaki
2293 1906 2518 1959 L6rincz
2557 1906 2665 1959 ban

415 1993 791 2047 rendelkezese
838 1997 1033 2046 szerint
1080 1994 1224 2046 lassa
1270 1996 1319 2045 el
1368 2010 1399 2045 a
1446 1992 1738 2059 sziikseges
1787 1995 2170 2047 felszerelessel
2217 1994 2277 2047 es
2315 1998 2505 2049 fizesse
2543 1999 2596 2051 ki
2635 2017 2665 2049 a

1111 2082 1322 2135 bannak
1361 2100 1393 2133 a
1428 2086 1548 2135 neki
1582 2081 1697 2149 jaro
1736 2086 1962 2137 zsoldot.

1435 2264 1831 2328 Commissio
1879 2239 2138 2346 propria
2183 2267 2427 2329 domini
2476 2269 2662 2349 regis.

742 2389 1142 2453 Wladislaus
1189 2392 1291 2453 dei
1338 2390 1542 2471 gratia
1588 2408 1703 2452 rex

747 2495 1080 2576 Hungarie
1128 2505 1190 2561 et
1236 2498 1550 2584 Bonemie
1599 2507 1716 2559 etc.

634 2620 910 2702 Egregie
958 2623 1166 2685 fidelis
1230 2623 1419 2686 nobis
1468 2623 1715 2686 dilecte.
1765 2623 1914 2687 Non
1974 2626 2189 2688 solum
2235 2627 2321 2689 ab
2370 2628 2669 2691 fidelibus

422 2730 663 2793 nostris
726 2730 947 2792 illustri
1018 2749 1097 2792 ac
1153 2731 1515 2811 magnificis
1588 2731 1938 2795 Laurentio
2008 2733 2178 2796 duce
2241 2742 2304 2796 et
2369 2734 2669 2798 Emerico

421 2835 753 2900 Therewk
816 2838 993 2901 bano
1057 2839 1249 2901 castri
1323 2838 1523 2902 nostri
1582 2837 2159 2918 NandoralbensiS,
2219 2858 2447 2907 verum
2506 2850 2569 2910 et
2632 2862 2673 2906 a

423 2944 747 3025 plerisque
812 2945 953 3006 aliis
1016 2947 1427 3026 percepimus
1475 2951 1541 3007 et
1586 2946 2041 3024 intelleximuS,
2111 2948 2669 3026 quemadmodum

426 3060 715 3114 castrum
752 3051 906 3114 illud
955 3051 1511 3130 Nandoralbense,
1554 3053 1731 3136 quod
1762 3060 1861 3114 est
1897 3054 2464 3133 propugnaculum
2507 3073 2673 3136 pene

424 3160 627 3242 totius
674 3159 853 3239 regni
901 3160 1086 3222 istius
1134 3160 1355 3237 nostri,
1422 3166 1485 3221 et
1541 3162 1728 3222 ruina
1773 3162 1941 3224 muri
1988 3178 2155 3241 pene
2206 3179 2357 3224 esse
2421 3162 2673 3226 desola-

426 3272 589 3343 tum,
623 3274 687 3329 et
723 3265 864 3328 aliis
913 3267 1411 3330 necessitatibus
1457 3268 1542 3330 ad
1590 3267 2040 3331 defendendas
2079 3269 2474 3331 munitiones
2520 3288 2674 3334 con-

429 3366 655 3451 suetis,
712 3374 1090 3453 pulveribus
1151 3375 1469 3452 videlicet,
1531 3375 1832 3455 globulis,
1901 3375 2146 3439 balistis
2213 3384 2276 3439 et
2337 3376 2402 3438 id
2463 3395 2673 3457 genus

429 3480 767 3543 tormentis
813 3481 1073 3559 belliciS,
1108 3489 1398 3561 preterea
1431 3481 1616 3544 fabro
1647 3489 1784 3544 tam
1811 3483 2100 3562 lignario,
2145 3500 2346 3561 quam
2394 3483 2673 3558 ferrario,

431 3604 600 3666 quas
663 3605 898 3651 omnes
944 3589 1370 3651 necessitates
1434 3589 1632 3651 latius·
1676 3590 1868 3651 vobis
1932 3589 2226 3669 prefatus
2290 3589 2677 3654 Laurentius

432 3694 568 3756 dux
616 3694 908 3757 dicturus
954 3701 1074 3773 est,
1139 3695 1450 3774 imprimis
1496 3696 1759 3775 indiget,
1826 3703 1890 3758 et
1936 3697 2248 3776 quoniam
2304 3697 2368 3758 in
2418 3716 2677 3777 presen-

433 3800 669 3864 tiarum
715 3801 866 3863 talia
913 3802 997 3863 ad
1045 3819 1171 3864 nos
1218 3803 1434 3864 delata
1489 3810 1643 3865 sunt
1691 3821 1868 3866 nova
1912 3811 2049 3866 tam
2099 3804 2543 3883 formidabilia,
2609 3816 2677 3866 ut

433 3909 738 3989 precipue
783 3900 1128 3988 cupiamus
1174 3918 1238 3972 et
1285 3911 1562 3972 velimus
1594 3916 1886 3972 castrum
1932 3910 2088 3973 illud
2136 3917 2434 3974 nostrum
2481 3913 2677 3974 rebus

436 4008 745 4079 omnibus
776 4016 1161 4079 necessariis
1190 4019 1513 4080 munitum
1543 4024 1612 4079 et
1639 4016 1948 4080 refertum
1987 4035 2159 4095 esse,
2208 4035 2292 4079 ne
2320 4018 2385 4079 in
2418 4019 2681 4098 aliquod

435 4124 825 4205 precipiatur
869 4124 1250 4204 periculum,
1318 4124 1788 4187 committimus
1835 4124 2025 4205 igitur
2077 4125 2266 4186 vobis
2313 4132 2376 4187 et
2424 4126 2681 4188 strictis-

435 4231 599 4294 sime
664 4232 860 4295 etiam
930 4232 1346 4308 mandamuS,
1412 4239 1485 4294 ut
1554 4232 1867 4294 omnibus
1928 4231 2429 4294 necessitatibus
2494 4234 2681 4295 castri

435 4339 604 4401 illius
650 4338 873 4416 nostri,
939 4356 1108 4418 quas
1154 4339 1482 4418 predictus
1530 4338 1919 4400 Laurentius
1985 4339 2122 4400 dux
2167 4339 2376 4416 vobiS,
2429 4346 2501 4401 ut
2546 4358 2681 4419 pre-

439 4446 760 4523 misimus,
825 4454 1202 4509 narraturus
1250 4446 1364 4507 erit
1410 4453 1475 4507 et
1521 4464 1800 4525 quarum
1869 4463 2096 4509 curam
2160 4445 2371 4509 eidem
2420 4447 2685 4510 deman-2

439 4553 766 4630 davimus,
800 4554 888 4616 ita
918 4556 1219 4630 celeriter,
1253 4554 1340 4614 ita
1372 4553 1708 4633 diligenter
1735 4553 2148 4634 provideatiS,
2175 4571 2259 4617 ne
2286 4561 2402 4616 aut
2433 4563 2689 4634 propter

548 4687 901 4743 Manat-mm
928 4688 1332 4733 bsszekbtteffisek
1359 4687 1659 4732 okleveltara.
2406 4675 2476 4726 22
