3475 5200
1451 331 1841 384 —135—

525 553 816 614 rantibus
883 551 1074 614 nobis
1138 551 1385 613 dilectis
1450 552 1726 614 salutem
1784 569 1936 613 curn
1995 552 2352 615 dilectione.
2413 553 2581 616 Cum
2648 555 2768 617 hiis

524 660 982 722 disturbiorum
1010 659 1409 739 temporibus
1447 660 1935 722 occurrentibus
1972 659 2180 734 factiS,
2217 660 2411 722 etiam
2450 662 2769 740 regalibus

525 777 588 829 et
628 767 804 846 regni
840 768 1062 829 arduis
1102 775 1164 828 et
1203 768 1532 846 signanter
1570 767 1632 828 in
1669 768 1940 829 tuitione
1979 769 2169 830 castri
2216 768 2770 831 Nandoralbensis

525 892 640 953 per
685 874 966 938 maxime
1015 875 1299 954 expediri
1347 875 1733 937 necessariis
1790 875 2294 951 imminentibus,
2367 894 2501 939 non
2571 894 2771 956 parva

525 981 712 1060 copia
757 983 1181 1062 pecuniarum
1229 981 1656 1060 indigeamuS‚
1707 982 1854 1044 ideo
1886 984 2096 1045 ‘sicuti
2144 1001 2261 1063 pro
2310 985 2506 1046 nostri
2566 985 2769 1048 hono-

530 1089 612 1150 ris
657 1090 748 1151 sic
807 1099 868 1151 et
925 1090 1119 1150 vestri
1183 1096 1358 1152 statu
1406 1099 1468 1151 et
1521 1090 2019 1152 conservatione
2057 1108 2174 1169 pro
2212 1091 2401 1153 factis
2448 1092 2769 1171 regalibus

526 1206 590 1258 et
641 1197 817 1277 regni
867 1197 1168 1277 predictis
1223 1197 1644 1276 expediendis
1700 1205 2021 1259 certarum
2079 1199 2502 1277 pecuniarum
2559 1199 2769 1261 subsi-

527 1306 701 1366 dium
750 1305 940 1366 nobis
987 1313 1050 1366 et
1096 1304 1293 1396 vest-ri
1343 1305 1555 1366 medio
1604 1297 1841 1367 deb'ere
1875 1305 2230 1384 providere,
2263 1306 2343 1367 de
2382 1306 2572 1368 vobis
2618 1323 2769 1368 con-

529 1413 785 1476 fidentie
846 1431 1032 1494 spem
1080 1413 1368 1493 gerimus
1415 1414 1787 1492 specialem.
1856 1413 1977 1475 Pro
2044 1414 2283 1492 quibus
2350 1413 2638 1475 dicandis
2708 1425 2770 1476 et

527 1521 861 1600 exigendis
900 1521 1182 1583 nobilem
1225 1523 1432 1582 virum
1473 1521 1856 1583 Michaelem
1879 1519 1959 1582 de
1985 1520 2187 1583 Dolcz
2220 1529 2514 1583 nostrum
2548 1521 2769 1583 famili-

527 1645 724 1704 arem,
775 1628 1008 1690 harum
1057 1629 1348 1704 latorem,
1404 1629 1598 1690 vestri
1647 1629 1710 1689 in
1760 1629 2046 1702 medium
2095 1628 2403 1690 duximus
2459 1628 2770 1709 deputan-

527 1737 706 1813 dum,
753 1736 929 1797 unde
978 1735 1187 1797 eidem
1237 1743 1450 1798 vestre
1499 1744 1561 1797 et
1608 1736 1866 1798 cuilibet
1897 1742 2185 1797 vestrum
2225 1736 2544 1797 dilectioni
2577 1736 2770 1798 firmi-

525 1857 620 1905 ter
638 1839 1127 1922 committimus,
1150 1849 1475 1923 quatenus
1507 1843 1722 1904 statim
1763 1845 2036 1922 receptis
2055 1843 2466 1922 presentibus
2486 1844 2771 1922 predicto

527 1951 841 2013 Michaele
898 1951 980 2012 de
1039 1951 1238 2012 Dolcz
1298 1951 1494 2013 vestri
1561 1951 1621 2012 in
1690 1952 1906 2014 medio
1973 1953 2055 2013 ad
2113 1970 2235 2014 vos
2291 1952 2373 2012 ad
2442 1952 2767 2029 singulum

527 2077 733 2121 unum
765 2059 1046 2120 fundum
1080 2060 1398 2137 integrum
1431 2075 1550 2122 seu
1577 2059 1825 2121 curiam
1858 2059 2185 2138 singulum
2219 2076 2425 2121 unum
2454 2060 2768 2121 florenum

526 2168 664 2228 auri
720 2175 784 2228 et
850 2184 983 2228 non
1050 2168 1198 2246 plus
1264 2167 1475 2227 dicare
1523 2167 1922 2245 permittatis,
1974 2168 2350 2244 dicatosque
2401 2165 2771 2227 huiusmodi

529 2275 812 2336 florenos
860 2274 999 2335 auri
1050 2274 1258 2335 eidem
1308 2275 1386 2337 de
1436 2275 1629 2336 vestri
1680 2274 1895 2335 medio
1943 2274 2383 2364 quamtocius
2434 2274 2770 2335 extradare

528 2388 589 2443 et
627 2383 994 2460 persolvere
1045 2380 1352 2459 debeatis,
1398 2399 1582 2444 mora
1622 2381 2267 2459 dissimulationeque
2307 2399 2385 2442 ac
2425 2380 2771 2442 occasione

527 2489 867 2567 quibusvis
915 2490 977 2550 in
1027 2490 1152 2550 hac
1200 2497 1379 2567 parte
1438 2491 1735 2568 relegatis
1784 2499 1847 2551 et
1893 2489 2064 2550 aliud
2122 2490 2185 2550 in
2246 2489 2575 2567 premissis
2632 2490 2770 2550 nul-

527 2599 782 2660 latenus
829 2598 1043 2660 facere
1091 2599 1617 2677 presumpmatiS,
1659 2598 2068 2678 presentibus
2108 2598 2404 2676 perlectis
2447 2595 2769 2659 exhibenti

528 2682 872 2767 restitutis(
926 2705 1165 2767 Datum
1231 2707 1294 2767 in
1359 2705 1722 2767 Zalathnok
1789 2705 1944 2767 feria
2012 2713 2203 2768 sexta
2266 2705 2559 2783 proxima
2623 2712 2771 2783 post
2848 2764 2950 2805 ¹440

526 2812 768 2874 festum
817 2813 1329 2876 Penthecosthes
1395 2831 1571 2875 anno
1619 2813 1862 2874 domini
1912 2812 2419 2877 MCCCCXLm0.
2792 2824 2999 2887 ffi‘ffi.

740 2969 963 3033 Eredeti,
1003 2974 1170 3040 papir,
1212 2944 1350 3035 aljan
1391 2969 1739 3037 papirstilzetfi
1779 2971 2045 3036 peesettcl.
2087 2970 2258 3035 MN.
2302 2972 2370 3022 Μ.
2409 2974 2463 3023 lt.

1482 3259 1813 3321 CXCVIII.

1243 3455 1460 3533 Bada,
1513 3453 1707 3516 1440.
1746 3453 1900 3535 jau.
1953 3453 2054 3515 17.

528 3614 563 3664 1.
622 3612 834 3665 Ulaszlo'
895 3611 993 3663 val.
1043 3628 1259 3678 magyar
1315 3611 1478 3678 kiraly
1533 3614 1850 3679 meghagyja
1905 3613 2403 3680 Szomolnokbanya
2458 3614 2772 3673 varosanak,

528 3705 671 3768 hogy
730 3709 816 3753 azt
872 3720 903 3753 a
956 3705 1064 3754 400
1113 3718 1276 3766 arany
1323 3704 1576 3769 forintnyi
1624 3705 1887 3768 osszeget,
1947 3706 2084 3768 mely
2122 3721 2152 3754 a
2192 3702 2406 3754 viu-osta
2464 3721 2493 3755 a
2549 3707 2771 3755 torokiik

527 3790 830 3855 tamadzisai,
855 3793 1044 3855 jelesiil
1073 3794 1230 3857 pedig
1263 3791 1703 3854 Nandorfejervizr
1731 3791 1969 3843 vedelme
2009 3796 2154 3843 miatt
2183 3795 2489 3855 kivettetett,
2532 3795 2769 3844 Zenichci

1001 3883 1314 3932 Frankonak
1353 3897 1492 3946 vagy
1529 3884 1973 3946 megbizottainak
2014 3886 2201 3934 fizesse
2240 3886 2302 3935 le.

741 4047 1141 4128 Wladislaus
1162 4048 1261 4108 dei
1284 4050 1487 4126 gratia
1510 4066 1621 4110 rex
1641 4049 1925 4124 Polonie‚
1950 4051 2194 4111 electus
2228 4050 2403 4129 regni
2439 4048 2770 4127 Hungarie

529 4154 1046 4233 Lythwanieque
1088 4156 1388 4234 princeps
1436 4173 1783 4235 supremus
1829 4174 1908 4216 ac
1958 4158 2146 4218 heres
2196 4156 2386 4218 Rusie
2436 4164 2554 4218 etc.

739 4299 1030 4361 Providis
1068 4300 1220 4362 viris
1266 4299 1565 4363 fidelibus
1613 4301 1805 4361 nobis
1853 4309 2033 4377 grate
2081 4301 2458 4379 sincereque
2506 4301 2771 4375 dilectiS,

529 4407 738 4484 iudici,
762 4408 1004 4484 iuratiS,
1040 4408 1397 4485 ceterisque
1433 4408 1750 4469 universis
1789 4409 2059 4483 civibuS,
2102 4408 2468 4487 hospitibus
2501 4415 2563 4469 et
2599 4425 2772 4469 com-

528 4515 821 4576 munitati
862 4522 1081 4576 nostre
1120 4515 1394 4576 civitatis
1427 4522 1738 4576 montane
1772 4514 2315 4593 Zmolnokbanya
2346 4524 2579 4577 vocate
2605 4517 2769 4575 salu-
