3475 5200
1667 360 2056 413 -100—

736 582 802 644 in
850 582 954 644 dei
1021 582 1288 644 dextera
1351 582 1654 660 vigorose
1720 587 2117 661 expugnato,
2196 586 2389 660 capto
2454 586 2519 641 et
2562 585 2853 658 optento,
2900 580 2981 640 ab

736 690 1103 768 eodemque
1150 689 1502 752 nonnullos
1550 688 1811 751 Turcos
1858 689 2074 769 ipsum
2124 694 2413 749 castrum
2460 704 2579 766 pro
2627 692 2785 748 tunc
2832 677 2981 748 cod-

737 803 1098 873 servanteS,
1147 802 1444 875 potenter
1490 795 1896 875 excipiendO,
1943 812 2024 856 ac
2071 793 2305 857 deinde
2360 794 2628 856 ulterius
2693 792 2981 872 proficis-

732 904 971 980 cendo,
990 920 1226 966 versus
1255 911 1543 965 castrum
1562 903 1826 965 maioris
1859 901 2187 982 Nicapolis
2222 908 2435 963 castra
2461 900 2679 963 metati
2718 901 2982 977 fuimuS,

739 1011 1096 1089 bellicaque
1130 1011 1480 1073 certamina
1513 1028 1665 1071 cum
1714 1009 1979 1089 prefatis
2025 1010 2299 1088 paganis
2346 1015 2581 1087 utputa
2635 1006 2875 1070 nostris
2919 1016 2983 1067 et

740 1118 917 1197 regni
966 1119 1167 1181 nostri
1215 1118 1447 1179 emulis
1494 1117 1560 1179 in
1608 1134 1846 1196 campo
1894 1116 2043 1178 dicti
2092 1115 2283 1179 castri
2333 1115 2596 1177 maioris
2656 1114 2985 1194 Nicapolis

735 1225 1134 1304 agrediendo
1179 1231 1244 1285 et
1291 1225 1356 1286 in
1402 1241 1556 1286 area
1602 1224 1810 1304 ipsius
1859 1222 2229 1285 certaminis
2260 1240 2413 1285 cum
2445 1227 2785 1302 pretaxata
2816 1221 2983 1283 fideli

743 1338 969 1395 nostra
1032 1331 1354 1393 comitiva·
1401 1331 1726 1393 ferventer
1790 1331 2093 1393 bellando
2148 1337 2212 1392 et
2259 1340 2544 1411 stragem
2593 1330 2759 1391 inter
2804 1329 2983 1407 ipsos

738 1439 1151 1503 scismaticos
1197 1439 1650 1520 perpetrando,
1701 1439 2191 1518 penultimoque
2240 1438 2505 1500 fortuna
2534 1436 2726 1499 nobis
2757 1453 2981 1499 nover-

739 1553 931 1608 cante
979 1554 1043 1616 et
1091 1547 1353 1609 minime
1400 1547 1738 1621 arridente,
1787 1546 2052 1626 prefatis
2100 1545 2341 1608 nostris
2390 1545 2690 1606 fidelibus
2755 1560 2983 1623 sequa-

735 1655 948 1730 cibuS,
996 1654 1332 1734 presertim
1380 1659 1718 1734 pretaxato
1769 1654 2003 1715 comite
2052 1652 2432 1715 Hermanno
2481 1668 2714 1714 socero
2762 1657 2983 1712 nostro

735 1769 803 1823 et
860 1761 1286 1840 complicibus
1332 1778 1413 1822 ac
1459 1762 1741 1823 strenuis
1808 1762 2113 1823 militibus
2170 1760 2450 1838 fidisque
2516 1757 2656 1820 suis
2723 1757 2984 1819 famulis

740 1869 867 1929 sub
914 1885 1040 1930 suo
1106 1869 1360 1945 vexillo,
1429 1886 1581 1929 cum
1649 1884 1877 1930 eorum
1941 1868 2093 1930 totis
2159 1866 2413 1928 nisibus
2479 1882 2597 1944 pro
2646 1870 2872 1927 nostro
2919 1872 2985 1926 et

729 1975 931 2037 totius
963 1975 1140 2054 regni
1175 1976 1376 2037 nostri
1410 1977 1762 2062 commodo
1810 1975 2145 2054 diligenter
2178 1971 2656 2048 dimicantibuS,
2690 1972 2984 2034 tandem-

733 2100 865 2161 que
909 2082 1158 2145 viribus
1206 2083 1406 2144 nostri
1454 2083 1778 2145 exercitus
1824 2084 2255 2162 permittente,
2303 2080 2523 2142 oculto
2572 2079 2674 2141 dei
2742 2079 2984 2140 iudicio

727 2190 1023 2266 devictiS,
1089 2191 1445 2269 prohdolor
1513 2197 1576 2251 et
1624 2208 1740 2269 per
1804 2191 1984 2270 ipsos
2052 2206 2349 2269 paganos
2414 2187 2738 2266 superatis
2803 2186 2984 2247 inviti

731 2297 1111 2358 retroflexos
1156 2314 1428 2376 gressus
1476 2297 1884 2374 fecissemuS,
1934 2304 1997 2359 et
2044 2314 2196 2358 cum
2244 2295 2401 2375 ipsis
2434 2294 2676 2358 nostris
2717 2294 2984 2372 quibus-

727 2403 887 2464 dam
936 2402 1257 2480 fidelibus,
1305 2404 1634 2482 signanter
1680 2405 1913 2466 eodem
1963 2404 2197 2466 comite
2230 2402 2614 2465 Hermanno
2646 2418 2730 2464 ex
2760 2406 2984 2463 nostra

735 2509 1001 2589 speciali
1049 2511 1510 2574 commissione
1559 2519 1783 2574 nostro
1830 2512 2004 2573 lateri
2053 2529 2169 2590 pro
2232 2511 2504 2572 tuitione
2569 2514 2632 2571 et
2687 2508 2988 2571 custodia

739 2625 962 2680 nostre
995 2635 1274 2697 persone
1301 2618 1568 2681 fideliter
1593 2627 1657 2681 et
1692 2621 1918 2699 iugiter
1950 2621 2325 2696 adherente,
2360 2618 2531 2681 idem
2565 2616 2988 2679 Hermannus

734 2739 987 2803 comeS,
1035 2742 1223 2787 socer
1270 2732 1510 2804 noster,
1559 2744 1912 2806 personam
1960 2736 2252 2791 nostram
2297 2726 2543 2787 illesam
2589 2725 2989 2786 reservando

735 2837 802 2891 et
833 2831 1280 2911 custodiendO,
1330 2851 1456 2895 nos
1502 2834 1584 2896 de
1632 2835 1804 2897 dicto
1849 2836 1996 2897 loco
2045 2835 2217 2914 prelii
2263 2852 2388 2897 sua
2417 2833 2642 2914 peritia
2673 2838 2737 2893 et
2767 2832 2989 2893 militia

739 2939 1013 3015 illesum,
1064 2947 1278 3002 tutum
1326 2947 1388 3002 et
1435 2942 1691 3003 salvum
1737 2941 2056 3021 perduxit,
2107 2942 2245 3003 suis
2279 2942 2443 3004 caris
2472 2940 2801 3013 militibuS,
2831 2956 2987 3019 gen·

732 3046 911 3108 tibus
959 3054 1023 3108 et
1067 3047 1490 3133 familiaribus
1523 3048 1647 3109 sub
1682 3067 1808 3111 suo
1840 3050 2074 3110 vexillo
2109 3066 2192 3110 ex
2225 3049 2507 3112 adverso
2538 3047 2793 3111 viriliter
2822 3064 2987 3126 pug-

739 3153 1051 3215 nantibus
1117 3155 1404 3219 similiter
1467 3172 1585 3234 pro
1634 3164 1861 3217 nostra
1926 3156 2310 3219 defensione
2378 3163 2441 3218 et
2505 3158 2754 3219 honore
2804 3153 2987 3217 necis

734 3261 1047 3339 voragine
1115 3258 1515 3342 interemptis
1584 3281 1753 3342 pene
1820 3265 2078 3342 penitus
2145 3272 2206 3325 et
2272 3264 2527 3340 occisis,
2590 3264 2826 3326 abinde
2873 3277 2991 3342 per

738 3366 1019 3429 Danubii
1066 3375 1131 3429 et
1176 3369 1387 3447 pelagi
1437 3369 1728 3431 fluminia
1776 3372 1839 3432 in
1886 3371 2091 3450 galeis
2125 3372 2506 3451 remigando
2539 3372 2623 3433 ad
2658 3373 2983 3434 civitatem

738 3472 1528 3553 Constantinopolitanam
1577 3478 2015 3557 pervenimuS,
2066 3479 2152 3539 ab
2201 3479 2566 3558 eodemque
2613 3497 2731 3559 per
2776 3480 2982 3560 ipsius

734 3579 877 3642 freti
925 3599 1044 3643 seu
1093 3583 1289 3643 maris
1335 3589 1611 3662 ampnes
1677 3585 1739 3646 in
1808 3584 2071 3663 prefatis
2119 3586 2319 3664 galeis
2375 3587 2633 3650 eminus
2692 3587 2989 3667 proficis·

735 3686 946 3749 cendo
995 3695 1418 3768 extremoque
1448 3690 1716 3752 ductore
1761 3691 2017 3755 Christo
2065 3694 2285 3771 previo
2323 3693 2409 3754 ad
2452 3694 2710 3756 climata
2755 3713 2990 3776 regno-

735 3811 881 3855 rum
947 3800 1318 3857 nostrorum
1386 3797 1702 3859 Dalmatie
1769 3804 1831 3860 et
1900 3798 2154 3861 Croatie
2223 3801 2662 3880 predictorum
2740 3803 2987 3884 ingres-

735 3917 887 3962 sum
935 3901 1421 3979 habuissemus,
1471 3911 1875 3967 memoratus
1923 3924 2148 3969 comes
2196 3906 2617 3971 Hermannus
2684 3927 2874 3972 socer
2918 3919 2987 3972 et

738 4007 944 4069 fidelis
992 4015 1213 4070 noster
1259 4012 1645 4089 predilectus
1692 4016 2037 4092 preceteris
2097 4016 2336 4077 nostris
2402 4016 2699 4080 fidelibus
2763 4019 2988 4097 ingen-

735 4114 875 4176 tiori
941 4116 1190 4178 sincere
1256 4116 1580 4180 fidelitatis
1644 4121 1837 4182 laude
1903 4122 2097 4200 digna
2147 4125 2515 4185 constantia
2586 4133 2651 4187 et
2716 4132 2987 4189 strenua

739 4220 956 4282 militia
1003 4223 1393 4302 presignitus
1445 4275 1457 4286 .
1512 4275 1525 4288 .
1580 4275 1591 4286 .
1644 4226 1695 4284 .“

952 4380 1174 4441 Eredeti,
1215 4380 1417 4447 hartya,
1447 4386 1608 4435 votos
1639 4363 2067 4450 selyemfonalrdl
2106 4387 2270 4453 siigg6
2310 4388 2577 4453 pecsettel.
2617 4390 2673 4439 M
2729 4391 2791 4442 Ο.
2832 4391 2893 4443 D.
2924 4391 2985 4444 L.

736 4469 929 4519 34065.
959 4485 1036 4520 sz.
1063 4470 1291 4535 Megvan
1321 4472 1604 4537 Zsigmond
1643 4473 1911 4539 kiralynak
1956 4478 2090 4528 1435
2131 4478 2238 4529 okt.
2272 4481 2320 4531 2.
2349 4478 2408 4530 es
2449 4495 2691 4545 ugyanaz
2729 4478 2796 4529 ev
2832 4483 2983 4533 decz.

735 4556 904 4622 elejen
945 4559 1050 4608 kelt
1088 4557 1378 4610 atirataban
1416 4578 1465 4612 u.
1507 4579 1555 4613 o.
1596 4564 1789 4615 34133.
1828 4564 1886 4615 es
1925 4568 2116 4617 34134.
2159 4583 2235 4619 sz.
2275 4584 2322 4619 a.
