3475 5200
1708 378 2098 431 —148—

776 598 978 660 homo
1044 605 1267 661 noster
1330 599 1493 661 scita
1554 599 1824 660 veritate
1901 600 2367 677 premissorum
2446 607 2673 662 evocet
2740 600 3031 680 prefatos

776 703 1083 769 Silvester
1157 723 1237 767 ac
1313 704 1707 769 Sandrinum
1776 712 1838 767 et
1905 704 2276 769 Ladislaum
2352 725 2611 770 necnon
2688 708 3027 770 dominum

776 814 1129 893 Georgium
1195 813 1547 893 despotum
1614 820 1842 876 contra
1907 814 2228 878 antelatos
2273 814 2578 878 dominos
2625 815 3026 895 prepositum

774 927 838 984 et
884 922 1239 1001 capitulum
1284 927 1579 984 nostram
1624 922 1688 983 in
1736 924 2133 1002 presentiam
2178 922 2264 984 ad
2310 931 2581 984 octavas
2645 922 2791 986 festi
2856 921 3026 983 beati

596 1025 701 1070 ¹⁴⁴⁸
772 1028 997 1092 Jacobi
1044 1029 1321 1108 apostoli
1371 1046 1546 1092 nunc
1590 1031 1866 1108 venturi,
1915 1031 2229 1094 rationem
2294 1029 2377 1093 de
2424 1031 2757 1110 premissis
2821 1030 3022 1092 reddi-

566 1109 676 1151 Μ’
703 1097 741 1141 ι’
774 1135 917 1213 turi,
981 1136 1087 1199 lite
1146 1136 1489 1216 pendente,
1540 1136 1594 1198 si
1645 1155 1778 1216 qua
1822 1136 2031 1199 fueret
2070 1137 2232 1200 inter
2282 1138 2486 1218 ipsos·
2518 1155 2649 1200 non
2700 1139 3021 1200 obstante.

771 1243 1171 1307 Insinuando
1219 1243 1455 1306 ibidem
1493 1243 1740 1306 eisdem
1775 1251 1848 1306 ut
1878 1246 2016 1308 sive
2049 1244 2170 1324 ipsi
2205 1244 2267 1307 in
2302 1245 2493 1324 dictis
2518 1244 2768 1307 octavis
2802 1263 3019 1308 coram

772 1350 964 1413 nobis
1010 1358 1433 1430 compareant
1480 1352 1617 1413 sive
1665 1369 1819 1429 non,
1870 1369 1994 1415 nos
2041 1353 2124 1414 ad
2173 1353 2373 1433 partis
2430 1353 2867 1433 comparentis
2930 1353 3023 1415 in-

772 1457 1076 1519 stantiam
1150 1459 1404 1537 absque
1456 1455 1759 1522 'ulteriori
1835 1460 2138 1523 dilatione
2205 1460 2514 1522 iudicium
2582 1468 2647 1522 et
2714 1460 3018 1522 iustitiam

771 1564 1087 1626 faciemus
1153 1582 1359 1628 causa
1421 1567 1485 1627 in
1551 1566 1888 1646 premissa,
1936 1574 2131 1646 prout
2178 1566 2441 1629 dictabit
2497 1568 2675 1647 ordo
2728 1567 2899 1640 iuriS,
2957 1573 3023 1628 et

771 1672 1045 1751 posthec
1089 1670 1381 1751 ipsarum
1428 1673 1854 1752 inquisitionis
1903 1681 1966 1736 et
2013 1674 2412 1737 evocationis
2460 1682 2524 1737 et
2570 1674 3019 1737 insinuationis

771 1778 1002 1841 seriem
1051 1796 1202 1841 cum
1248 1780 1625 1844 nominibus
1663 1788 2090 1844 evocatorum
2138 1781 2222 1843 ad
2271 1781 2539 1844 easdem
2588 1789 2857 1844 octavas
2894 1799 3023 1844 suo

771 1886 970 1949 modo
1035 1887 1416 1949 rescribatis,
1486 1887 1728 1949 Datum
1794 1887 1977 1951 Bude
2042 1888 2202 1952 feria
2266 1896 2455 1951 sexta
2518 1889 2814 1969 proxima
2868 1896 3021 1950 ante

769 1993 1011 2055 festum
1060 1992 1432 2056 Nicodemis
1465 1995 1757 2073 martiriS‚
1806 2013 1983 2057 anno
2030 1996 2275 2058 domini
2322 1996 2662 2059 millesimo
2721 1995 3017 2076 quadrin-

596 2095 702 2178 ¹f¹4⁸
772 2101 1137 2180 gentesimo
1186 2101 1688 2181 quadragesimo
1736 2110 1993 2165 octavo,

537 2168 647 2222 Μ
668 2168 738 2212 3¹‘
987 2211 1086 2272 Az
1133 2207 1386 2272 oklevel
1433 2209 1768 2289 hatlapjan
1814 2229 1854 2271 a
1902 2211 2397 2289 foganatositott
2445 2211 2772 2290 eljarasrol
2837 2211 3020 2273 szolo

772 2315 1162 2396 feljegyzes:

984 2423 1205 2486 Homo
1252 2425 1467 2503 regius
1517 2423 1863 2486 Ladislaus
1910 2423 1992 2486 de
2038 2424 2394 2505 Rozwagh‚
2428 2432 2649 2490 noster
2694 2426 2887 2488 frater
2916 2425 3017 2489 Jo-

771 2531 1024 2592 hannes
1071 2530 1383 2611 presbiter
1427 2531 1755 2594 suomodo
1801 2533 1864 2593 in
1913 2532 2383 2612 Zempleniensi
2429 2551 2508 2596 ac
2543 2534 2696 2595 feria
2729 2532 3021 2596 secunda

568 2633 698 2717 ,344⁸
768 2646 920 2700 ante
968 2637 1328 2717 Margarete
1375 2637 1751 2702 Silvestrem
1799 2639 1861 2702 in
1909 2640 2128 2720 Benye
2176 2659 2254 2702 ac
2288 2640 2642 2721 Georgium
2672 2642 3014 2720 despotum

560 2708 649 2761 ’ω’
677 2707 721 2749 8‘
770 2745 833 2806 in
866 2745 1152 2822 Wijfalw
1185 2745 1556 2808 Ladislaum
1578 2747 1660 2808 de
1681 2746 1936 2809 Pathak
1966 2748 2029 2810 in
2063 2747 2296 2809 eadem
2319 2747 3012 2837 WYfalw,⁴officiolatu

558 2849 698 2934 „¹4⁴⁸
771 2853 1010 2915 scilicet
1057 2870 1181 2915 suo
1233 2860 1640 2915 evocassent.
1693 2854 1936 2916 Datum
1984 2856 2334 2917 tredecimo
2382 2856 2503 2917 die.

549 2924 636 2978 ³⁰¹¹
664 2921 730 2964 ω’
984 2960 1361 3023 Retulerunt
1409 2961 1588 3038 quod
1636 2962 1756 3041 ipsi
1804 2962 1868 3023 in
1917 2962 2229 3024 comitatu
2275 2962 2731 3043 Zempliniensi
2788 2964 3016 3042 pariter

769 3085 886 3147 pro
923 3116 935 3129 .
975 3112 987 3125 .
1027 3111 1039 3125 .
1076 3068 1254 3147 quod
1276 3068 1590 3147 premisse
1611 3069 2078 3148 occupationes
2107 3072 2445 3133 vinearum
2477 3077 2788 3132 terrarum
2818 3070 3015 3132 arabi-

767 3175 925 3236 lium
958 3181 1021 3236 et
1054 3175 1360 3237 silvarum
1410 3193 1488 3237 ac
1526 3175 1942 3255 piscinarum,
1984 3194 2241 3240 necnon
2282 3178 2663 3241 abolitiones
2703 3178 3014 3240 dictarum

769 3290 1090 3345 metarum
1135 3282 1232 3344 sic
1277 3290 1342 3344 et
1387 3283 1622 3345 eodem
1668 3284 1869 3346 modo
1916 3293 2109 3364 prout
2147 3285 2440 3347 videlicet
2479 3294 2668 3349 tenor
2695 3286 3013 3347 literarum

768 3397 1131 3452 vestrarum
1180 3391 1544 3452 continetur
1589 3394 2087 3473 prescriptamm
2123 3393 2290 3455 facte
2335 3401 2398 3455 et
2444 3395 2611 3456 illate
2639 3393 3017 3469 extitissent,

770 3498 1120 3575 habitaque
1167 3498 1310 3576 ipsa
1357 3498 1768 3577 inquisitione
1817 3499 1975 3561 feria
2022 3500 2317 3561 secunda
2362 3501 2660 3579 proxima
2705 3508 2860 3563 ante
2891 3500 3011 3561 fes·

567 3601 697 3684 ‚¹4⁴8
771 3612 908 3665 tum
956 3605 1146 3666 beate
1195 3605 1554 3683 Margarete
1602 3606 1865 3684 virginis
1913 3607 2205 3685 proxime
2254 3607 2646 3687 preteritum,
2694 3606 3014 3686 prefatum

557 3674 647 3728 ’ω’
676 3675 719 3717 8'
768 3709 1143 3774 Silvestrem
1209 3713 1291 3774 de
1346 3712 1569 3775 Torna
1615 3715 1678 3775 in
1727 3715 2152 3793 possessione
2222 3719 2348 3779 sua
2394 3715 2613 3793 Benye
2659 3733 2739 3776 ac
2786 3714 3015 3777 eodem

769 3819 871 3881 die
919 3820 1206 3899 prefatos
1254 3820 1606 3899 Georgium
1641 3822 1991 3902 despotum
2033 3823 2093 3883 in
2147 3824 2569 3902 possessione
2601 3822 3013 3899 Wamois-

768 3927 941 4003 falw,
1008 3945 1264 3990 necnon
1333 3927 1711 3991 Ladislaum
1761 3930 1841 3991 de
1892 3930 2141 3991 Pathak
2187 3931 2251 3992 in
2301 3931 2534 3993 eadem
2595 3932 3017 4010 possessione

766 4032 1054 4110 WYfalw
1100 4034 1457 4097 officiolatu
1504 4036 1747 4098 scilicet
1794 4054 1939 4113 suo,
1990 4044 2215 4100 contra
2261 4044 2613 4099 annotatos
2678 4037 3014 4100 dominum

589 4155 695 4199 1448
767 4143 1168 4221 prepositum
1217 4148 1279 4205 et
1329 4144 1682 4223 capitulum
1731 4145 2004 4206 ecclesie
2051 4140 2509 4223 Scepusiensis
2556 4143 2640 4205 ad
2696 4145 3015 4223 predictas

552 4239 663 4281 ⁸¹¹⁸·
689 4230 726 4270 ¹'
768 4257 1037 4311 octavas
1103 4250 1246 4313 festi
1315 4251 1485 4312 beati
1552 4252 1774 4316 Jacobi
1840 4252 2116 4331 apostoli
2185 4269 2360 4314 nunc
2415 4252 2669 4314 venturi
2725 4259 3017 4314 nostram

768 4364 1160 4420 evocassent
1223 4359 1286 4420 in
1337 4360 1751 4439 presentiam,
1806 4361 2121 4421 rationem
2170 4359 2251 4421 de
2298 4359 2632 4438 premissis
2694 4359 3017 4435 reddituri,

766 4466 871 4528 lite
937 4466 1262 4545 pendente
1327 4467 1768 4529 insinuassent
1835 4467 2070 4529 ibidem
2136 4467 2383 4531 eisdem
2449 4475 2521 4530 ut
2584 4468 2722 4531 sive
2769 4467 2891 4549 ipsi
2956 4467 3017 4529 in

767 4573 1016 4635 octavis
1081 4590 1300 4634 coram
1366 4573 1557 4636 vobis
1604 4582 2025 4665 compareant
2082 4576 2219 4638 sive
2287 4593 2442 4654 non,
2507 4594 2632 4639 vos
2677 4575 2764 4637 ad
2820 4568 3023 4655 partis
