3475 5200
646 3782 750 3822 lfflfl

606 3866 710 3894 nov.
742 3854 770 3894 fl

1744 350 2131 402 -336-

814 569 1212 630 Venetorum
1261 567 1655 646 depredatus
1690 578 1792 631 est
1838 576 1902 631 et
1946 586 2111 632 suos
2141 586 2225 631 ex
2256 569 2359 631 illa
2391 570 2854 649 depredatione
2901 586 3060 631 con-

814 683 1147 752 tent-asset,
1195 692 1505 755 nuncque
1550 677 1739 738 vellet
1805 677 2192 757 Zagrabiam
2241 678 2330 740 ire
2376 684 2440 739 et
2487 683 2855 756 presentem
2903 694 3055 738 con-

814 782 1226 845 tributionem
1291 800 1409 864 pro
1466 800 1540 845 se
1597 784 1874 863 exigere.
1943 786 2321 848 Dominatio
2385 790 2602 847 vestra
2670 784 2839 845 bene
2885 783 3056 859 facit,

814 893 986 969 quud
1037 890 1167 951 hoc
1212 907 1331 970 pro
1376 908 1581 970 parvo
1624 908 1760 953 non
1808 892 2097 971 accipiet,
2129 899 2193 955 et
2223 909 2348 955 nos
2393 907 2661 971 quoque
2708 890 3054 965 credimus,

814 997 990 1073 quod
1055 996 1108 1059 si
1160 998 1277 1077 ipsi
1324 997 1554 1060 Veneti
1620 998 1838 1078 ipsum
1905 1000 2234 1062 Andream
2301 998 2471 1061 Both
2536 998 2624 1060 ob
2689 997 2898 1059 factas
2945 1014 3058 1077 per

814 1121 966 1165 eum
1031 1104 1529 1185 depredationes
1584 1106 1726 1168 istic
1774 1107 1836 1168 in
1884 1107 2210 1170 vicinitate
2272 1108 2662 1169 tolerassent
2706 1105 2771 1167 in
2819 1103 3058 1184 Segnia

814 1211 1179 1283 mansisset,
1230 1217 1294 1273 et
1341 1214 1472 1274 huc
1518 1214 1584 1275 in
1631 1214 2001 1293 propinquo
2046 1231 2181 1277 non
2230 1214 2532 1276 venisset.
2590 1210 2926 1292 Quantum
2972 1211 3056 1271 ad

814 1317 958 1393 hue,
1026 1318 1205 1398 quod
1269 1321 1814 1384 contributionem
1878 1320 2020 1383 istic
2084 1339 2203 1400 pro
2257 1338 2332 1383 se
2396 1319 2656 1399 exigere
2720 1318 3058 1400 pretendit,

814 1425 1170 1489 dominatio
1211 1409 1429 1489 ves'tra
1458 1446 1611 1490 cum
1659 1446 1787 1491 suo
1834 1429 2085 1508 collega
2130 1435 2311 1490 curet
2357 1434 2422 1489 et
2467 1426 2769 1505 invigilet,
2818 1442 2901 1486 ne
2931 1424 3057 1486 hoc

814 1533 946 1609 fiat,
1010 1533 1166 1612 quia
1210 1534 1339 1596 hoc
1384 1542 1560 1597 esset
1622 1534 2033 1612 verecundia,
2100 1535 2419 1614 vobisque
2482 1534 2812 1596 ambobus
2859 1548 3054 1593 mors.

818 1637 1206 1717 Significetis
1269 1648 1489 1704 autem
1537 1659 1663 1705 nos
1710 1660 1998 1722 quoque,
2047 1641 2103 1704 si
2149 1641 2304 1722 quid
2351 1642 2527 1703 facto
2582 1657 2754 1720 opus
2795 1638 2930 1715 erit,
2996 1643 3060 1698 et

818 1765 942 1809 rins
990 1764 1254 1827 quoque
1300 1749 1452 1811 hinc
1497 1767 1632 1813 non
1663 1751 2010 1813 deerimus.
2058 1748 2345 1812 Ulterius
2382 1749 2563 1828 quod
2595 1746 2810 1810 scribit
2855 1743 3058 1806 domi-

822 1855 992 1913 natio
1056 1863 1273 1917 vestra
1337 1873 1409 1918 se
1456 1858 1689 1919 melius
1735 1859 1973 1935 valere,
2039 1858 2166 1919 hoc
2214 1856 2404 1919 nobis
2448 1854 2893 1936 gratissimum
2939 1858 3058 1926 est,

818 1969 882 2021 et
930 1968 1236 2041 optamus
1300 1964 1725 2027 dominationi
1788 1971 2004 2027 vestre
2068 1981 2448 2046 prosperam
2503 1963 2704 2024 vitam
2751 1967 2817 2022 et
2858 1957 3058 2037 longi-

822 2073 1076 2132 turnam
1141 2071 1504 2134 sanitatem.
1570 2071 1701 2135 Sed
1769 2072 1946 2152 quod
2012 2072 2229 2134 scribit
2291 2069 2650 2133 dominatio
2697 2073 2934 2143 vestra,
2990 2071 3062 2125 ut

818 2177 1054 2257 adepta
1099 2179 1374 2242 sanitate
1421 2197 1580 2242 mox
1610 2181 1783 2242 exire
1831 2181 2040 2258 vellet,
2091 2180 2217 2242 hoc
2249 2196 2383 2241 non
2415 2176 2708 2258 quadrat.
2759 2172 2932 2235 Nam
2979 2188 3060 2233 ex

821 2301 954 2345 una
997 2292 1178 2363 parte
1225 2287 1374 2349 dicit
1421 2288 1776 2351 dominatio
1822 2295 2060 2365 vestra,
2108 2286 2287 2366 quod
2332 2286 2472 2365 ipse
2519 2283 2688 2346 Both
2736 2279 3061 2344 contribu-

822 2389 1010 2453 tinnis
1055 2394 1196 2456 istic
1244 2395 1501 2475 exigere
1548 2396 1706 2473 vult,
1758 2413 1842 2457 ex
1886 2396 2012 2457 alia
2056 2403 2276 2457 autem
2309 2402 2489 2473 parte
2519 2392 2659 2453 vult
2703 2386 3063 2451 dominatio

822 2509 1034 2560 vestra
1079 2501 1249 2563 illinc
1294 2503 1484 2565 exire.
1553 2501 1620 2566 Si
1668 2504 1842 2565 enim
1910 2502 2263 2566 dominatio
2310 2507 2528 2562 vestra
2573 2504 2712 2560 toto
2757 2493 2861 2557 die
2910 2493 3060 2555 ieiu-

822 2606 1039 2669 nando
1085 2608 1395 2673 abstinuit
1442 2610 1505 2672 id
1552 2629 1822 2691 vespere
1870 2611 2042 2674 facto
2093 2611 2386 2689 frangere
2412 2625 2566 2670 ·non
2612 2607 2783 2680 libet,
2832 2619 2952 2682 pro
2983 2617 3062 2663 eo

822 2713 1175 2778 dominatio
1244 2725 1461 2780 vestra
1524 2719 1860 2781 incumbat
1923 2718 2144 2781 officio
2209 2734 2336 2780 suo
2399 2732 2517 2795 pro
2581 2730 2706 2777 sua
2750 2708 3065 2773 industria

826 2837 954 2878 una
1002 2838 1155 2884 cum
1204 2825 1453 2903 collega
1499 2842 1641 2887 suo.
1697 2824 1827 2887 Ubi
1894 2832 2117 2888 autem
2181 2822 2537 2887 dominatio
2583 2827 2801 2882 vestra
2845 2814 3065 2880 scribit

822 2927 1001 3006 quod
1046 2947 1199 2993 cum
1247 2931 1511 2995 domino
1542 2933 1948 2996 thezaurario
1980 2933 2413 3011 loqueremur,
2462 2926 2817 2991 dominatio
2848 2930 3068 2986 vestra

822 3038 902 3098 de
938 3042 1063 3102 hoc
1111 3058 1336 3102 curam
1382 3041 1623 3102 habere
1690 3040 1868 3118 nolit,
1935 3040 2112 3119 quod
2161 3057 2260 3115 ea,
2318 3055 2446 3116 que
2494 3036 2706 3098 eidem
2751 3033 3066 3111 deputata

822 3158 995 3222 sunt,
1045 3166 1180 3210 non
1229 3150 1652 3225 solverentur,
1703 3148 1921 3210 solum
1970 3148 2325 3209 dominatio
2382 3151 2599 3207 vestra
2643 3139 2937 3203 attendat
2981 3138 3064 3198 ad

826 3258 970 3330 hou,
1018 3262 1083 3317 et
1127 3256 1183 3317 si
1230 3255 1656 3335 complebitur
1700 3257 1804 3317 vel
1851 3272 2006 3332 non,
2054 3256 2163 3317 det
2209 3253 2399 3315 nobis
2446 3247 2803 3314 dominatio
2848 3252 3066 3307 vaetra

826 3363 1187 3442 intelligere,
1220 3371 1285 3425 et
1324 3363 1670 3440 credimuS,
1718 3363 1899 3442 quod
1931 3361 2284 3424 dominatio
2314 3367 2532 3422 vestra
2563 3357 2814 3418 nullum
2851 3351 3064 3416 defec-

826 3478 962 3530 tum
1043 3470 1280 3531 exhinc
1371 3471 1663 3550 patietur.
1758 3468 1973 3550 Quam
2039 3469 2206 3531 deus
2289 3471 2633 3529 conservet
2696 3460 2942 3541 optime
3005 3465 3067 3519 et

826 3577 1186 3638 felicissime
1218 3595 1370 3640 cum
1405 3579 1710 3640 omnibus
1759 3577 1917 3654 suis,
1967 3577 2071 3639 cui
2119 3593 2244 3638 nos
2294 3575 2569 3636 fraterne
2603 3567 3065 3633 commendan-

826 3694 942 3746 τετε,
992 3682 1096 3745 Ex
1143 3691 1359 3746 castro
1392 3693 1616 3748 nostro
1645 3680 1933 3765 Soklyos
1965 3684 2122 3746 seria
2152 3683 2335 3746 tertia
2365 3681 2662 3762 proxima
2690 3682 2843 3758 post
2872 3673 3064 3738 Eme·

826 3794 930 3854 rici
978 3788 1186 3868 ducis,
1232 3807 1410 3854 anno
1457 3791 1704 3853 domini
1758 3791 1942 3856 1509.

2257 3897 2599 3960 Emericus
2643 3893 2727 3955 de
2770 3891 2977 3953 Peren

2185 4021 2412 4068 comes
2458 4009 2522 4066 et
2570 4001 2899 4083 palatinus
2944 4003 3063 4059 etc.

1033 4221 1132 4286 Az
1195 4219 1433 4287 oklevil
1494 4219 1824 4304 kalseje'n:
1877 4221 2007 4287 Ubi
2071 4223 2227 4301 petit
2291 4218 2648 4284 dominatio
2693 4224 2933 4294 vestra,
2996 4221 3067 4277 ut

826 4330 1090 4394 domino
1155 4332 1467 4412 episcopo
1531 4330 1947 4410 Zagrabiensi
2007 4330 2462 4403 scriberemus,
2510 4333 2585 4391 ut
2629 4332 2864 4406 gentes
2910 4339 3068 4387 suas

826 4444 1082 4518 paratas
1128 4440 1386 4519 habeat,
1434 4455 1568 4501 non
1617 4445 1717 4501 est
1764 4455 1956 4518 opuS,
2021 4445 2095 4500 ut
2139 4437 2312 4499 hanc
2358 4452 2626 4515 parvam
2672 4450 2812 4497 rem
2860 4432 3064 4495 eidem

826 4546 1291 4626 significemus,
1338 4564 1568 4609 verum
1616 4546 2000 4625 scripsimus
2032 4544 2243 4607 eidem
2282 4544 2372 4607 uti
2420 4543 2614 4604 etiam
2660 4542 2824 4606 alias
2872 4538 3062 4618 scrip·
