3475 5200
1309 365 1696 419 -113—

383 586 704 649 exercitus
766 585 1138 649 invadendo
1202 602 1276 647 se
1341 581 1586 647 fortiter
1650 602 1803 647 cum
1853 573 2009 649 *suis
2055 586 2329 649 diversis
2374 586 2635 650 fortune

383 694 680 775 periculis
727 693 1121 774 exponendo
1170 692 1359 755 nobis
1404 698 1469 754 et
1514 709 1700 756 sacre
1746 699 1969 756 nostre
2001 710 2244 757 corone
2274 694 2632 757 laudabiles

384 800 694 882 impendit
720 800 1093 864 famulatus.
1132 799 1387 879 Quibus
1423 799 1685 878 quidem
1733 800 1969 863 Turcis
2015 818 2095 864 eo
2126 808 2286 863 tunc
2320 801 2420 864 dei
2455 802 2634 865 adiu-

382 909 546 972 torio
609 907 810 971 nostri
874 906 1129 970 viriliter
1187 907 1562 970 resistentes
1626 908 1899 971 eosdem
1964 927 2006 970 a
2070 910 2298 972 castris
2355 925 2476 973 seu
2523 910 2633 974 de-

386 1032 624 1079 scensu
688 1020 936 1094 nostr0,
994 1031 1123 1096 que
1185 1023 1345 1077 tunc
1409 1014 1589 1077 iuxta
1651 1015 1897 1077 flumen
1955 1014 2231 1079 Danubii
2278 1016 2639 1080 fixeramus

387 1129 817 1201 removerunt,
875 1139 991 1202 per
1050 1128 1390 1201 totamque
1452 1121 1624 1184 illam
1670 1122 1843 1185 diem
1891 1140 2044 1185 cum
2091 1122 2338 1185 eisdem
2397 1123 2637 1188 fortiter

388 1230 776 1308 dimicando,
841 1230 1192 1293 nonnullos
1257 1247 1340 1293 ex
1404 1230 1499 1292 eis
1562 1229 1695 1293 dire
1761 1230 1947 1293 morti
2012 1230 2431 1307 tradiderunt,
2499 1237 2636 1294 tan-

389 1337 667 1417 demque
725 1343 892 1402 tetra
955 1338 1352 1418 superducta
1416 1337 1625 1400 noctis
1690 1337 1985 1417 calligine
2049 1337 2338 1417 ipsisque
2403 1338 2640 1400 Turcis

389 1450 613 1507 contra
657 1444 801 1525 ipsa
846 1453 1062 1509 castra
1106 1453 1329 1508 nostra
1375 1452 1439 1507 et
1486 1452 1769 1523 nostroS,
1818 1445 1926 1524 qui
1973 1452 2250 1525 protunc
2306 1445 2444 1508 aliis
2508 1446 2638 1508 iam

389 1559 460 1614 ut
505 1551 846 1632 predicitur
891 1569 1009 1633 pro
1055 1552 1279 1614 maiori
1326 1559 1507 1633 parte
1554 1553 1800 1615 flumen
1866 1552 2159 1626 Danubii,
2195 1552 2642 1636 transfretatiS,

390 1677 544 1722 cum
589 1665 814 1723 nostra
858 1667 1305 1723 remanserant
1351 1659 1686 1722 maiestate
1720 1660 1940 1721 rabide
1970 1666 2033 1722 et
2064 1661 2290 1723 callide
2323 1661 2637 1723 irruentes

392 1784 544 1830 cum
589 1767 720 1829 iam
770 1816 783 1829 .
839 1816 852 1829 .
907 1816 919 1829 .
974 1816 987 1829 .
1032 1767 1272 1830 nostris
1317 1767 1668 1850 nobiscum
1710 1766 2138 1830 existentibus
2185 1775 2444 1848 propter
2470 1767 2640 1847 ipso-

393 1892 536 1936 rum
604 1876 998 1964 paucitatem
1068 1882 1293 1937 contra
1361 1874 1722 1937 eorundem
1794 1874 2164 1937 Turcorum
2240 1877 2641 1938 cumulatam

393 1981 819 2061 pluralitatem
865 1999 982 2062 per
1027 1982 1308 2062 amplius
1348 1981 1627 2044 facultas
1674 1999 1809 2044 non
1856 1984 2232 2061 preberetur
2277 1982 2641 2060 resistendi,

396 2088 627 2168 singuli
673 2089 967 2169 ipsorum
1013 2095 1387 2151 nostrorum
1432 2089 1774 2169 precipites
1824 2090 2186 2170 festivoque
2220 2105 2417 2152 cursu
2451 2106 2524 2151 se
2554 2088 2638 2150 ad

398 2213 600 2258 naves
663 2196 958 2259 conferre
1022 2204 1336 2276 ceperunt
1404 2203 1468 2260 et
1532 2214 1768 2260 omnes
1837 2214 2042 2259 naves
2112 2202 2374 2259 nostros
2439 2196 2643 2258 taliter

397 2310 1014 2383 preoccupaverant,
1063 2310 1136 2366 ut
1181 2320 1316 2366 non
1364 2305 1648 2367 restabat
1695 2305 1913 2385 aliqua
1960 2303 2168 2380 navis,
2216 2304 2280 2366 in
2325 2321 2457 2385 qua
2506 2321 2641 2365 ma-

397 2410 593 2473 iestas
639 2417 863 2474 nostra
907 2411 1323 2473 transfretare
1353 2412 1673 2492 potuisset
1715 2456 1995 2474 .....
2042 2411 2307 2474 tandem
2354 2429 2439 2474 ex
2489 2428 2643 2473 con·

402 2517 536 2579 silio
583 2524 647 2580 et
692 2517 1146 2599 procuratione
1193 2518 1399 2600 ipsius
1447 2518 1823 2581 Mathkonis
1868 2518 2019 2581 bani
2066 2525 2130 2581 et
2176 2520 2451 2581 aliorum
2507 2535 2643 2579 cer-

402 2631 612 2689 torum
678 2625 963 2689 fidelium
1028 2634 1401 2690 nostrorum
1468 2627 1755 2707 quadam
1820 2627 2084 2689 inventa
2149 2629 2302 2689 navi
2366 2627 2644 2689 eandem

403 2733 854 2797 conscendens
899 2734 1312 2798 transfretare
1360 2735 1786 2814 cepissemus,
1834 2735 2182 2815 ipsumque
2218 2734 2646 2797 Mathkonem

404 2841 650 2904 banum
698 2857 851 2903 cum
909 2841 1046 2904 aliis
1092 2841 1283 2904 certis
1328 2842 1685 2904 baronibus
1751 2843 1989 2905 nostris
2053 2860 2171 2922 pro
2236 2840 2536 2904 custodia
2589 2849 2655 2903 et

404 2948 781 3011 defensione
843 2949 1137 3028 gentium
1202 2958 1573 3012 nostrarum
1638 2967 1721 3011 ex
1782 2948 1887 3011 illa
1950 2957 2131 3030 parte
2176 2949 2653 3012 remanentium

405 3056 654 3119 interim
699 3056 912 3119 donec
949 3056 1087 3136 ipse
1117 3062 1348 3136 gentes
1377 3057 1634 3119 residue
1665 3063 1943 3137 possent
1973 3056 2367 3121 transfretari
2402 3105 2414 3117 .
2450 3104 2462 3116 .
2500 3101 2511 3114 .
2549 3073 2650 3117 us.

406 3161 596 3226 Tunc
658 3163 799 3244 ipse
857 3162 1130 3226 Mathko
1195 3163 1408 3225 banus
1456 3166 1519 3226 in
1567 3163 1690 3226 hiis
1737 3181 1963 3226 curam
2008 3181 2244 3243 gerens
2291 3164 2653 3241 sollicitam,

406 3287 518 3351 per
561 3277 768 3333 totam
816 3270 989 3334 illam
1036 3278 1296 3334 noctem
1345 3287 1558 3350 usque
1588 3289 1893 3335 auroram
1925 3278 2154 3334 contra
2185 3273 2366 3352 ipsos
2395 3270 2656 3333 Turcos

404 3378 657 3441 viriliter
702 3396 856 3441 cum
887 3380 1028 3441 suis
1059 3370 1450 3457 dimicando,
1486 3380 1734 3442 eisdem
1779 3386 2076 3460 potenter
2107 3379 2352 3456 restitit,
2385 3378 2653 3440 demum

409 3492 628 3548 autem
692 3487 838 3549 luce
895 3486 1102 3566 ipsius
1165 3504 1398 3549 aurore
1462 3488 1965 3567 superveniente
2036 3505 2188 3550 cum
2258 3486 2387 3548 iam
2466 3486 2654 3564 quasi

411 3610 643 3657 omnes
707 3594 910 3657 nostri
974 3601 1126 3674 post
1188 3601 1481 3658 nostram
1544 3595 2075 3658 transfretassent
2140 3594 2545 3683 maiestatem
2593 3599 2660 3655 et

413 3701 548 3780 ipse
593 3700 865 3764 Mathko
909 3701 1126 3763 banus
1174 3720 1325 3765 cum
1371 3703 1788 3782 paucissimis
1851 3702 1991 3765 suis
2037 3709 2101 3765 et
2147 3701 2385 3764 nostris
2436 3750 2448 3763 .
2503 3750 2515 3761 .
2569 3750 2582 3762 .

414 3809 646 3887 isisset,
713 3809 831 3889 ipsi
896 3808 1095 3872 Turci
1152 3794 1303 3873 cum
1351 3827 1577 3872 eorum
1628 3810 2031 3873 multitudine
2078 3811 2142 3873 in
2190 3809 2458 3872 eosdem
2506 3808 2659 3870 irru-

417 3923 617 3993 enteS,
664 3915 918 3995 aliquos
966 3934 1049 3979 ex
1094 3918 1342 3980 eisdem
1389 3918 1625 3980 nostris
1671 3917 2011 3979 crudeliter
2057 3916 2451 3993 occiderunt,
2495 3914 2661 3977 inter

418 4040 586 4103 quos
649 4030 714 4085 et
777 4020 916 4104 ipse
979 4022 1249 4086 Mathko
1316 4026 1530 4087 banus
1594 4031 1820 4087 contra
1884 4023 2065 4102 ipsos
2129 4024 2385 4087 Turcos
2432 4022 2663 4084 acriter

419 4132 773 4212 pugnando
817 4131 929 4193 vix
975 4131 1108 4193 dire
1155 4132 1377 4194 mortis
1423 4132 1773 4213 perniciem
1819 4137 2009 4212 portu
2051 4131 2117 4194 in
2146 4131 2381 4193 eodem
2429 4129 2657 4205 evasit,

421 4238 639 4317 sicque
685 4239 750 4301 in
795 4239 1030 4302 virtute
1084 4239 1374 4302 altissimi
1421 4239 1708 4302 maxima
1752 4257 1976 4321 pugna
2038 4239 2375 4319 prehabita
2438 4236 2659 4299 defen-

421 4352 602 4409 satus
666 4353 731 4409 et
793 4346 934 4428 ipse
997 4347 1217 4410 illesus
1281 4353 1432 4427 post
1478 4355 1770 4412 nostram
1824 4346 2259 4411 transfretavit
2325 4342 2659 4423 sere[nita-

421 4458 568 4516 tem.
617 4452 930 4532 De]mum
974 4471 1133 4517 vero
1179 4455 1369 4518 certis
1415 4461 1566 4534 post
1606 4471 1756 4517 sese
1807 4461 2287 4536 consequenter
2331 4469 2656 4516 annorum

424 4560 931 4628 revolutionibus
993 4560 1305 4639 decursis,
1385 4578 1537 4623 cum
1612 4578 1738 4623 nos
1806 4578 1925 4640 pro
1994 4562 2419 4640 acquisitione
2492 4559 2665 4622 sacri·

526 4694 915 4751 Manu—surb
944 4696 1348 4741 bsszekottetesek
1376 4695 1677 4740 emoveltara.
2412 4682 2445 4733 8
