3475 5200
1740 354 2128 409 ..3204-

808 576 892 636 ad
940 575 1117 637 aliud
1158 583 1422 654 tempus
1454 582 1526 638 ut
1557 583 1710 636 cum·
1760 576 1903 655 ipso
1953 574 2220 637 domino
2267 574 2598 656 dezpotho
2644 563 2922 637 invicem
2968 576 3053 636 ire

808 684 966 759 vult,
1016 690 1080 744 et
1126 700 1332 761 quum
1380 684 1501 744 ista
1549 683 1777 744 omnia·
1819 683 1906 743 ita
1954 669 2235 758 fuerunt,
2284 683 2430 761 quis
2450 682 2592 743 'iam
2640 671 2763 744 ista
2809 669 3054 744 secreta

814 789 968 869 ipsis
1015 790 1339 867 revelavit,
1403 797 1467 852 et
1513 789 1692 869 quod
1739 791 1926 870 peius
1972 797 2072 851 est
2120 807 2251 851 non
2302 790 2480 869 quod
2528 790 2628 851 ille
2674 789 3052 870 Wokassyn

814 898 973 959 sciat
1018 897 1191 958 istud
1255 898 1612 977 negotium,
1681 898 1796 960 sed
1845 897 1940 959 sic
1988 897 2118 959 iam
2166 905 2381 958 vestre
2428 898 2910 975 magnificentie
2973 898 3055 957 ad

814 1005 1047 1066 scitum
1095 1003 1415 1081 dedimus;
1480 1022 1709 1084 ymmo
1757 1005 1943 1083 quasi
2006 1011 2144 1066 tota
2211 1004 2332 1065 ista
2378 991 2712 1084 provincia
2761 1003 3055 1066 Turcalis

814 1112 932 1174 scit
984 1112 1113 1174 hoc
1177 1112 1509 1191 negotium
1557 1119 1620 1174 et
1667 1113 1747 1174 si·
1770 1113 1969 1174 habet
2011 1119 2233 1173 vestra
2288 1100 2769 1191 magnificentia
2834 1112 3057 1174 fideles

814 1220 1252 1299 exploratores
1284 1228 1441 1281 tune
1470 1220 1564 1281 sic
1597 1219 1877 1281 inveniet
1910 1220 2077 1281 sicut
2111 1236 2235 1281 nos
2268 1219 2631 1281 scribimus.
2667 1208 2797 1282 Ubi
2838 1226 3054 1281 autem

814 1327 1025 1388 scribit
1069 1334 1287 1388 vestra
1332 1326 1818 1406 magnificentia
1862 1327 1944 1388 de
1976 1326 2605 1390 constantia.nostra
2651 1333 2820 1388 certe
2867 1325 3054 1387 aliam

814 1433 1197 1512 scripturam
1245 1440 1764 1514 expectaremu5‚
1832 1440 2003 1495 certe
2051 1434 2298 1496 scimus
2344 1451 2469 1496 nos
2516 1435 2602 1494 ita
2649 1440 3055 1495 constantem

814 1557 981 1617 esse,
1048 1540 1218 1603 sicut
1282 1559 1489 1604 unum
1538 1559 1939 1621 quemquam
2007 1540 2176 1607 sicut
2239 1542 2347 1603 ubi
2400 1549 2676 1621 ‘tempus
2723 1541 2826 1602 vel
2873 1542 3056 1603 locus

814 1646 926 1708 erit
989 1648 1221 1709 eadem
1270 1649 1464 1710 etiam
1512 1648 1770 1711 videbit.
1840 1648 1968 1713 Ubi
2018 1655 2240 1710 autem
2290 1646 2509 1710 scribit
2549 1655 2769 1710 vestra
2817 1648 3056 1728 magni·

814 1753 1091 1831 ficentia‚
1139 1761 1212 1816 ut
1250 1756 1332 1816 ab
1365 1758 1596 1817 eadem
1644 1751 2156 1835 negotiumnon
2203 1757 2543 1836 preteribit,
2593 1757 2674 1818 de
2706 1757 2836 1818 hoc
2869 1757 3054 1818 etiam

814 1862 971 1924 satis
1016 1863 1335 1924 admirare
1384 1881 1518 1925 non
1577 1880 1958 1943 possumuS,
2025 1863 2179 1943 quia
2228 1870 2399 1925 certe
2447 1871 2511 1925 et
2556 1880 2682 1927 nos
2729 1865 3058 1926 nescimus

814 1976 884 2030 ut
929 1986 1134 2031 causa
1182 1977 1405 2032 nostra
1451 1972 1625 2033 istud
1692 1972 2025 2051 negetium
2073 1971 2507 2050 preterivisset
2551 1971 2654 2033 vel
2718 1972 3056 2050 preteriret

814 2060 952 2139 Nos
999 2077 1152 2156 quid
1203 2077 1476 2141 fecimus
1516 2096 1634 2159 pro
1666 2079 1947 2141 amicitia
1992 2085 2208 2140 vestre
2241 2077 2717 2158 magnificentie
2764 2078 3057 2154 fecimuS,

814 2185 964 2264 quia
1009 2202 1135 2246 nos
1183 2184 1266 2246 ad
1314 2186 1442 2247 hoc
1507 2186 1962 2248 necessitatem
2011 2202 2145 2247 non
2201 2186 2574 2263 habuimus,
2638 2184 2791 2263 quia
2836 2185 2892 2246 si
2939 2201 3058 2246 nos

814 2291 1048 2370 aliquid
1080 2293 1526 2355 voluissemus
1551 2310 1744 2372 agere
1768 2296 1871 2355 vel
1901 2312 1940 2354 a
1961 2294 2137 2373 regia
2162 2294 2501 2357 maiestate
2533 2293 2678 2353 ausi
2703 2291 3056 2355 fuissemus

814 2400 978 2460 bene
999 2400 1465 2479 potuissemu5‚
1500 2402 1619 2464 sed
1651 2418 1777 2463 nos
1801 2385 2110 2462 volumus
2142 2406 2394 2462 tanturn
2423 2401 2827 2479 complacere
2847 2384 3055 2460 vestre

818 2506 1311 2585 magnificentie.
1344 2506 1579 2569 Vestra
1629 2507 2111 2586 magnificentia
2155 2524 2310 2572 vero
2344 2508 2473 2570 iam
2531 2508 2767 2587 incepit
2818 2525 2942 2570 nos
2993 2506 3052 2566 in

818 2615 1073 2692 culpam
1124 2615 1264 2676 sine
1310 2616 1441 2676 ulla
1499 2632 1703 2678 causa
1745 2623 1987 2692 nostra,
2047 2619 2219 2678 certe
2269 2634 2393 2686 nos
2445 2634 2802 2696 possemus
2852 2614 3054 2693 magis

818 2729 1098 2782 vestram
1127 2722 1673 2801 magnificentiam
1703 2724 2053 2802 inculpare,
2088 2725 2239 2802 quia
2271 2725 2398 2786 hoc
2431 2741 2792 2803 possumus
2825 2723 3052 2798 facere,

814 2828 993 2906 quod
1024 2845 1149 2891 nos
1195 2847 1533 2909 nunquam
1574 2830 1860 2893 vidimus
1890 2831 2097 2893 taliter
2128 2831 2212 2892 ad
2244 2831 2511 2893 insidias
2543 2831 2954 2910 inponendas
2984 2845 3053 2890 se

814 2943 1292 3016 appromtuare‚
1360 2939 1511 3017 quia
1575 2938 1824 3001 scimus
1870 2939 2047 3018 quod
2094 2945 2314 3000 vestra
2359 2938 2843 3018 magnificentia
2901 2936 3054 2999 satis

814 3051 1102 3124 experta·
1142 3050 1241 3106 est
1306 3047 1501 3108 rebus
1563 3046 1885 3123 confiniiS‚
1950 3047 2071 3108 sed
2135 3053 2310 3108 certa
2374 3047 2456 3110 sit
2500 3052 2719 3108 vestra
2764 3043 3053 3125 magnifi-

818 3153 1024 3213 centia
1088 3152 1267 3231 quod
1330 3160 1392 3214 et
1459 3171 1583 3215 nos
1643 3154 1904 3233 ignaros
1951 3154 2036 3215 ad
2084 3154 2187 3215 illa
2235 3159 2555 3237 quantum
2605 3152 2707 3215 dei
2753 3153 3054 3215 voluntas

818 3266 932 3334 est,
983 3277 1114 3321 non
1157 3267 1427 3339 reputet,
1477 3260 1597 3322 sed
1642 3263 1823 3323 aliter
1866 3261 2217 3323 debuimus
2249 3261 2313 3322 in
2345 3261 2474 3323 hoc
2505 3261 2875 3340 procedere.
2906 3259 3055 3321 Ideo

818 3367 976 3429 sciat
1011 3375 1230 3429 vestra
1262 3368 1740 3446 magnificentia
1773 3369 1951 3447 quod
1984 3369 2157 3430 hanc
2207 3370 2466 3448 culpam
2515 3383 2640 3431 nos
2687 3385 2886 3449 super
2933 3384 3055 3429 nos

814 3475 1102 3552 accipere
1148 3476 1477 3553 volumus,
1527 3476 1681 3554 quia
1726 3477 1792 3538 in
1840 3476 1965 3538 hac
2012 3477 2205 3554 culpa
2251 3494 2383 3538 non
2426 3459 2752 3553 summus
2801 3481 2972 3537 certe
3015 3492 3055 3535 a

818 3582 989 3643 nulla
1051 3590 1231 3661 parte
1290 3600 1649 3662 possumus
1713 3585 2131 3665 precogitare.
2167 3584 2388 3649 ·Unde
2451 3603 2493 3647 a
2548 3591 2767 3646 vestra
2814 3583 3053 3662 magni*

818 3688 1070 3750 ficentia
1116 3690 1267 3770 talia
1312 3691 1548 3770 scripta
1594 3693 2067 3754 meruissemus
2114 3694 2425 3772 accipere.
2471 3691 2574 3754 Ex
2617 3691 2866 3771 Kelpen
2901 3690 3055 3754 feria

582 3797 1000 3886 mamafflffla
1045 3804 1198 3877 post
1241 3797 1635 3861 dominicam
1685 3800 2272 3881 Ramispalmarum
2330 3800 2515 3862 1505.
3040 3800 3051 3806 “

2423 3969 2763 4033 johannes
2808 3930 3054 4033 Berialo

2496 4078 2817 4160 dezpotus
2863 4084 2981 4141 etc.

1023 4262 1256 4325 Kiviil:
1330 4264 1681 4345 Magnifico
1746 4266 2012 4328 domino
2089 4265 2372 4347 Georgio
2438 4267 2534 4353 de
2583 4266 2831 4329 Kanisa
2881 4268 3050 4330 bano

814 4370 1329 4434 Nandoralbensi
1377 4371 1643 4435 domino
1693 4381 1757 4436 et
1804 4371 1976 4435 fratri
2024 4374 2431 4440 honorandO.

929 4576 932 4580 ’
1026 4563 1248 4626 Eredeti,
1285 4567 1450 4630 papir,
1489 4562 1719 4616 zarlatae'm
1764 4565 1948 4631 pecset
1984 4568 2298 4631 nyomaival.
2337 4568 2409 4618 M.
2451 4537 2613 4620 O.·D.
2653 4566 2713 4621 L.
2755 4568 2945 4620 25442.
2974 4582 3047 4617 sz.
