3475 5200
1378 359 1769 412 —149—

447 579 887 659 comparentis
949 579 1318 642 instantiam
1384 581 1637 661 absque
1683 579 1961 644 ulteriori
2026 578 2326 644 dilatione
2391 579 2699 642 iudicium

445 694 514 750 et
558 687 867 751 iustitiam
913 686 1213 750 faceretis
1259 705 1464 749 causa
1511 687 1574 749 in
1622 689 1941 768 premissa
1988 693 2179 767 prout
2225 686 2492 751 dictaret
2537 687 2698 750 ordo

449 794 623 857 iuris,
673 794 916 858 Datum
963 794 1316 858 tredecimo
1372 795 1474 857 die
1517 795 1639 857 diei
1687 795 2090 858 evocationis
2135 803 2201 858 et
2248 794 2699 858 insinuationis

449 909 940 982 prenotatorum
988 920 1165 966 anno
1210 903 1454 965 domini
1501 903 1895 983 supradicto,

665 1025 890 1088 Eredeti,
943 1026 1185 1090 papii-on,
1247 1023 1479 1077 zarlatan
1533 1024 1719 1090 pecset
1772 1023 2143 1077 toredekeivel.
2202 1025 2405 1087 Lelesz‚
2461 1029 2698 1094 actorum

447 1116 572 1165 anni
620 1115 772 1166 1448.
811 1114 899 1167 Nr.
939 1115 1024 1167 26.
1061 1117 1108 1165 Α
1144 1116 1484 1167 konventnek
1522 1131 1550 1166 e
1584 1113 1833 1180 jelentest
1869 1114 2177 1167 tartalmazo
2208 1115 2462 1176 oklevele,
2499 1114 2641 1180 moly
2666 1129 2698 1164 a

451 1201 622 1268 majus
660 1205 825 1255 31-iki
863 1208 1148 1270 parancsot
1183 1206 1227 1255 is
1265 1201 1432 1270 riurja,
1487 1220 1717 1270 megvan
1754 1222 1786 1255 a
1832 1205 1903 1256 M.
1942 1204 2003 1256 N.
2043 1202 2291 1257 Mfizeum
2326 1201 2697 1265 leveltaraban,

417 1281 726 1345 'rendkiviil
760 1291 967 1359 rongiut
1004 1291 1326 1361 allapotban,
1366 1297 1491 1346 csak
1530 1312 1561 1345 a
1597 1295 1701 1345 fele
1741 1309 1845 1345 van
1883 1309 2020 1360 meg.

1406 1512 1739 1576 CCXVIII.

1164 1653 1375 1731 Czilli,
1424 1652 1623 1718 1448.
1660 1652 1812 1735 jain.
1860 1652 1966 1719 18.

451 1794 632 1846 Czillei
670 1796 888 1861 Frigyes
926 1794 984 1846 es
1023 1795 1168 1847 Ulrik
1205 1793 1681 1861 beleegyezesiiket
1736 1794 1893 1860 adjak
1949 1798 2140 1858 ahhoz‚
2195 1798 2341 1862 hogy
2379 1777 2700 1849 Branstovics

452 1884 672 1950 Gyorgy
707 1883 828 1936 racz
854 1887 1095 1952 despota,
1121 1885 1304 1937 Czillei
1329 1886 1474 1937 Ulrik
1517 1883 1745 1952 leanyat,
1784 1884 2106 1951 Erzsebetet,
2145 1886 2395 1952 Hunyadi
2421 1883 2701 1937 Laszloval

1377 1977 1779 2041 eljegyeztesse.

632 2085 774 2149 Nos
821 2086 874 2147 F
873 2086 1181 2149 ridericus
1227 2094 1291 2149 et
1338 2086 1597 2150 Ulricus
1645 2087 1788 2149 eius
1835 2092 2049 2163 natue,
2099 2086 2200 2148 dei
2255 2086 2459 2166 gratia
2522 2086 2699 2164 Cilie,

453 2192 899 2274 Ortemburge‚
959 2193 1364 2274 Zagorieque
1410 2193 1468 2255 G
1520 2241 1534 2256 .
1587 2238 1599 2252 .
1655 2244 1666 2256 .
1718 2211 1755 2255 e
1804 2210 2058 2256 necnon
2108 2194 2285 2272 regni
2355 2191 2701 2270 Sclayonie

453 2301 601 2363 bani
648 2301 1046 2381 presentium
1092 2308 1315 2364 tenore
1364 2301 1804 2379 significantes
1850 2300 2087 2380 quibus
2133 2301 2393 2380 expedit
2446 2302 2699 2364 univer·

453 2407 563 2478 sis,
615 2408 1175 2487 quemadmodum
1221 2409 1382 2470 alias
1449 2426 1520 2470 se
1589 2408 1917 2470 nonnullis
1972 2408 2486 2472 litteris1nostris
2541 2410 2699 2472 satis

453 2515 832 2578 efficacibus
879 2516 1098 2579 illustri
1145 2517 1410 2599 principi
1460 2516 1726 2578 domino
1776 2514 2056 2595 Georgio
2102 2515 2280 2595 regni
2312 2515 2542 2579 Rascie
2588 2516 2699 2579 de·

453 2631 646 2704 spoto
693 2630 758 2687 et
803 2624 1075 2687 Albanie
1122 2624 1409 2702 domino,
1459 2625 1734 2703 eiusque
1774 2624 2130 2688 conthorali
2178 2624 2441 2687 domine
2504 2623 2699 2689 Erine

450 2730 818 2812 daepotlsse
837 2732 1287 2811 obligavimus,
1309 2732 1731 2795 astrinximus
1755 2739 1819 2794 et
1836 2732 2191 2795 annuimus
2211 2732 2700 2813 eorundemque

449 2838 823 2919 petitionem
872 2840 1061 2903 nobis
1108 2857 1307 2920 super
1352 2857 1433 2902 eo
1482 2840 1725 2902 factam
1773 2840 2070 2903 benivole
2118 2840 2199 2903 de
2244 2842 2424 2903 bona
2479 2848 2702 2904 nostra

450 2948 787 3009 voluntate
834 2946 1144 3010 duximus
1193 2947 1736 3010 consentiendum
1786 2954 1849 3009 et
1895 2947 2276 3025 fovendum,
2336 2954 2410 3010 ut
2454 2949 2539 3010 ad
2586 2964 2698 3011 vo-

450 3054 765 3115 luntatem
815 3061 878 3115 et
924 3054 1403 3135 beneplacitum
1468 3056 1759 3135 ipsorum
1827 3054 2026 3117 filiam
2088 3054 2351 3116 unicam
2406 3055 2699 3117 videlicet

453 3162 654 3224 nostri
703 3162 956 3224 comitis
1022 3161 1216 3226 Ulrici
1264 3172 1384 3225 ete.
1435 3162 1838 3225 carissimam
1904 3161 2315 3225 iuvenculam
2363 3162 2699 3225 dominam

450 3266 808 3347 Elizabeth,
857 3269 938 3331 illi
987 3270 1088 3331 cui
1137 3271 1478 3333 maluerint
1526 3277 1588 3332 et
1635 3268 1720 3331 ad
1768 3269 1940 3331 illam
1986 3269 2071 3332 ad
2118 3287 2318 3349 quarn
2382 3269 2703 3333 voluerint

451 3376 724 3438 domum
804 3377 1353 3440 matrimonialiter
1422 3378 1728 3457 copulare
1799 3382 1863 3438 et
1932 3377 2337 3458 desponsare
2406 3385 2697 3457 possent.

452 3482 623 3547 Cum
670 3492 890 3547 autem
941 3485 1111 3547 idem
1159 3485 1467 3548 dominus
1525 3485 1844 3566 despotus
1892 3491 1957 3546 et
2000 3485 2268 3547 domina
2330 3484 2701 3564 despotissa

452 3599 713 3671 propter
757 3592 1204 3654 inenarrabilia
1249 3592 1655 3654 servitiorum
1704 3592 1931 3655 merita
2000 3591 2327 3671 magnifici
2381 3591 2701 3654 Johannis

452 3699 533 3760 de
581 3699 890 3778 Hwnyad
955 3700 1153 3763 modo
1218 3701 1691 3779 gwbernatoris
1759 3701 1935 3779 regni
2002 3699 2334 3778 Hungarie
2398 3700 2700 3763 Ladislao

453 3805 582 3869 filio
630 3824 757 3871 suo
805 3807 1079 3870 naturali
1126 3817 1191 3870 et
1237 3808 1546 3888 legittimo
1595 3806 1914 3887 prefatam
1963 3806 2413 3887 principissam
2477 3808 2700 3869 iuven-

453 3915 666 3977 culam
715 3915 1052 3987 dominam
1099 3913 1440 3977 Elizabeth
1486 3914 1611 3976 hac
1657 3914 1798 3976 vice
1831 3914 2092 3976 unicam
2123 3921 2416 3976 nostram
2450 3913 2701 3976 carissi-

454 4040 631 4085 mam
697 4021 891 4084 filiam
958 4022 1022 4083 in
1090 4040 1409 4101 sponsam
1474 4030 1539 4084 et
1601 4022 1977 4101 legittimam
2049 4022 2494 4084 conthoralem
2563 4021 2702 4083 suis

454 4128 993 4209 policitationibus
1040 4136 1105 4191 et
1150 4130 1692 4209 promissionibus
1738 4129 2223 4209 desponsarunt
2270 4135 2335 4190 et
2375 4128 2700 4191 matrimo-

453 4237 700 4299 nialiter
743 4237 1149 4316 copularunt,
1197 4236 1386 4303 sicuti
1431 4254 1546 4317 per
1590 4236 1769 4316 prius
1801 4236 2065 4315 prefatis
2109 4235 2405 4297 videlicet
2435 4234 2701 4298 domino

454 4342 731 4423 despoto
793 4350 859 4405 et
922 4344 1184 4407 domine
1249 4343 1614 4424 despotisse
1678 4343 1902 4422 vigore
1956 4349 2030 4404 ut
2076 4341 2364 4420 refertur,
2430 4342 2701 4404 aliarum

452 4451 775 4513 literarum
840 4459 1208 4514 nostrarum
1279 4450 1432 4513 illud
1502 4449 2034 4513 irretractabiliter
2102 4450 2562 4513 consensimus
2638 4455 2701 4512 et

452 4556 825 4621 annuimu32
876 4557 984 4622 Sic
1032 4576 1155 4621 nos
1201 4558 1252 4620 F
1257 4558 1562 4621 ridericus
1610 4565 1673 4619 et
1719 4556 1980 4620 Ulricus
2012 4557 2153 4619 eius
2187 4565 2384 4620 natus
2430 4556 2699 4619 comites

2774 875 2879 919 1448

2730 946 2819 1002 jin.
2839 946 2910 990 20.
