3475 5200
1368 339 1759 394 ..201-

433 559 630 622 animi
692 560 950 623 hostem
998 559 1268 640 impium
1329 558 1511 621 illum
1556 559 1850 622 Turcum
1917 558 2004 620 ad
2055 558 2233 637 regni
2278 556 2475 620 vestri
2521 558 2688 620 fines

433 668 916 741 adventantem,
966 667 1146 745 quod
1190 666 1331 746 ipse
1376 667 1579 729 littere
1626 666 2044 744 denunciant,
2091 659 2334 728 bellum
2366 665 2688 728 maiestati

433 782 646 838 vestre
692 774 1125 854 universeque
1191 773 1477 854 Ungarie
1523 773 1850 836 illaturum
1896 790 2067 851 esse,
2115 790 2157 833 a
2214 773 2404 836 cuius
2453 773 2687 835 robore

432 881 829 962 quandoque
876 899 1041 963 gens
1087 881 1191 943 illa
1222 882 1497 944 barbara
1530 879 1795 960 quidem
1825 881 1998 943 victa
2029 888 2465 962 superataque
2499 879 2688 943 suerit

431 989 767 1070 ipsiusque
815 988 1266 1053 immanissimi
1309 987 1582 1052 monstri
1613 988 1859 1051 rabiem
1905 1005 2119 1067 usque
2165 988 2336 1051 adeo
2379 988 2684 1065 crevisse,

433 1106 506 1160 ut
549 1099 1048 1161 christianorum
1096 1097 1414 1178 capitibus
1462 1097 1743 1159 insultet.
1810 1094 2151 1159 Serenitati
2205 1102 2427 1158 autem
2471 1102 2685 1158 vestre

433 1207 964 1286 congratulamur
1008 1222 1126 1285 pro
1175 1204 1338 1268 felici
1385 1204 1564 1284 quod
1612 1211 1833 1266 tamen
1872 1205 2033 1266 alias
2080 1204 2272 1267 nobis
2318 1203 2686 1266 innotuerat

433 1314 498 1375 in
546 1331 820 1393 regnum
868 1330 1066 1377 suum
1112 1313 1412 1392 ingressu
1457 1330 1577 1393 pro
1623 1313 1821 1374 rebus
1887 1312 2192 1375 omnibus
2239 1328 2483 1392 magno
2531 1328 2685 1373 con·

431 1421 573 1484 silio
622 1428 685 1483 et
730 1421 874 1500 ipsa
919 1421 1278 1484 maiestatis
1322 1427 1539 1482 vestre
1605 1420 1929 1499 presentia
1973 1419 2235 1500 ‘optime
2284 1419 2682 1499 compositis

433 1526 822 1599 Gaudemus
869 1527 1046 1607 quod
1094 1529 1327 1591 eadem
1374 1528 1731 1592 exercitum
1778 1543 1900 1590 sue
1947 1525 2236 1607 dignitati
2275 1542 2499 1608 parem
2539 1544 2685 1590 coe-

429 1635 610 1714 gerit,
632 1634 940 1715 quodque
966 1635 1113 1699 forti
1147 1643 1211 1697 et
1242 1643 1459 1699 erecto
1492 1636 1714 1697 animo
1747 1635 1811 1698 in
1841 1636 2102 1698 hostem
2122 1634 2338 1714 ipsum
2370 1634 2682 1714 insurgat,

432 1743 911 1805 confluentibus
974 1742 1063 1804 ad
1126 1742 1190 1805 id
1253 1743 1496 1805 bellum
1563 1742 1801 1805 exteris
1858 1742 2261 1823 principibus
2317 1748 2382 1805 et
2426 1742 2683 1822 populis

431 1850 845 1912 securitatem
909 1849 1038 1913 fide
1105 1851 1366 1930 publica
1431 1857 1862 1928 commeatus,
1928 1850 2183 1928 aliaque
2250 1849 2468 1912 omnia
2532 1850 2684 1912 huic

432 1965 657 2020 sancte
705 1957 1093 2037 expeditioni
1126 1964 1496 2039 opportuna
1526 1956 2010 2019 sumministret.
2052 1956 2239 2019 »Facit
2269 1957 2682 2020 serenissima

429 2072 647 2127 vestra
688 2065 999 2127 maiestas
1029 2082 1170 2128 rem
1199 2082 1324 2128 suo
1355 2064 1531 2144 regio
1565 2064 1845 2126 culmine
1877 2063 2162 2143 dignam,
2191 2065 2305 2127 toti
2337 2064 2681 2128 christiane

428 2172 712 2252 religioni
754 2173 1267 2251 saluberrimam,
1315 2173 1757 2252 imprimisque
1804 2171 2230 2252 omnipotenti
2279 2172 2404 2234 deo
2451 2188 2679 2252 accep-

430 2279 768 2356 tissimam,
813 2297 945 2359 que
974 2281 1143 2342 sicut
1174 2279 1899 2359 serenissimisregibus
1939 2278 2509 2360 predecessoribus
2541 2279 2680 2342 suis

430 2386 668 2449 virtute
707 2387 1028 2450 simillima
1078 2397 1199 2465 est,
1248 2406 1369 2450 nec
1417 2388 1511 2450 eis
1558 2389 1689 2450 ulla
1735 2388 1800 2449 in
1848 2406 1915 2450 re
1970 2387 2334 2450 inferiorem
2400 2404 2472 2449 se
2537 2404 2681 2467 pre-

430 2502 580 2572 stat,
629 2494 717 2556 ita
780 2494 861 2557 de
926 2497 1031 2558 illa
1097 2514 1230 2559 non
1286 2514 1487 2576 parva
1534 2504 1635 2559 est
1680 2496 2044 2575 expectatio
2090 2495 2270 2576 quod
2333 2495 2489 2557 tanti
2536 2494 2680 2557 belli

428 2604 669 2666 molem
734 2604 1196 2684 omnipotentis
1260 2605 1362 2668 dei
1426 2604 1665 2667 auxilio
1729 2622 1864 2667 non
1932 2605 2132 2667 modo
2196 2603 2514 2666 sustineat
2561 2602 2681 2666 sed

428 2711 778 2790 propulset.
827 2710 1022 2791 Quod
1052 2728 1209 2774 vero
1253 2712 1615 2774 sublimitas
1647 2701 1867 2775 v'estra
1912 2728 2036 2774 nos
2083 2712 2394 2787 hortatur,
2443 2719 2516 2772 ut
2560 2727 2679 2789 pro

428 2816 808 2879 defensione
828 2816 977 2880 fidei
1002 2818 1258 2899 publice
1279 2819 1431 2880 huic
1452 2819 1843 2898 expeditioni
1867 2836 2063 2899 opem
2088 2836 2354 2898 quoque
2384 2826 2677 2882 nostram

428 2922 735 3001 seramus,
768 2926 946 3004 quod
965 2933 1102 2987 tam
1123 2926 1492 2988 humaniter
1519 2934 1582 2988 et
1609 2927 1889 3005 benigne
1923 2926 2270 2988 nobiscum
2303 2925 2501 3005 egerit
2541 2943 2674 2988 non

427 3049 663 3111 parvas
694 3032 774 3094 illi
803 3032 1126 3095 habemus
1156 3032 1415 3113 gratias,
1447 3033 1638 3096 nobis
1663 3032 1959 3112 profectu
1980 3033 2359 3112 neutiquam
2382 3049 2553 3112 opus
2577 3040 2678 3094 est

428 3137 899 3202 hortationibus
920 3139 1171 3203 dudum
1184 3139 1502 3220 siquidem
1521 3148 1618 3203 tot
1638 3140 1930 3203 cladibus
1947 3148 2011 3202 et
2021 3140 2381 3220 obprobriis
2397 3139 2675 3201 christia-

429 3245 528 3308 nis
558 3248 644 3309 ab
677 3246 781 3309 illa
813 3247 1157 3310 sevissima
1194 3249 1386 3310 belva
1422 3247 1845 3328 prodigioque
1885 3248 2090 3325 illatis,
2129 3248 2389 3309 animus
2438 3263 2551 3326 per
2601 3263 2673 3308 se

428 3351 868 3440 inflammatus
893 3362 991 3417 est
1013 3362 1321 3434 totusque
1354 3355 1583 3435 flagrat
1606 3356 1669 3417 in
1691 3356 2005 3417 ultionem
2030 3338 2179 3417 fidei
2201 3355 2470 3416 catolice
2494 3354 2675 3415 nihil-

431 3478 554 3538 que
587 3461 653 3523 in
680 3461 808 3524 hac
836 3463 970 3525 vita
998 3463 1264 3542 gratius,
1300 3462 1452 3524 nihil
1489 3463 1855 3539 obtabiliu5‚
1905 3462 2060 3524 nihil
2100 3462 2378 3540 denique
2427 3460 2674 3522 felicius

427 3569 616 3632 nobis
636 3570 928 3632 accidere
948 3577 1195 3650 posset,
1224 3588 1422 3649 quam
1454 3570 2002 3650 opportunitatem
2032 3568 2245 3632 offerri
2279 3580 2350 3630 ut
2379 3568 2578 3629 animi
2611 3575 2674 3629 et

430 3676 719 3756 corporis
765 3678 953 3747 vires,
1005 3678 1564 3757 quantulcumque
1597 3684 1773 3755 sunt,
1822 3678 2014 3740 nobis
2060 3677 2125 3738 in
2173 3677 2297 3738 hac
2341 3675 2674 3756 disciplina

429 3783 676 3846 militari
741 3801 859 3865 pro
924 3785 1174 3847 honore
1238 3785 1583 3848 christiane
1631 3785 1973 3864 religioniS,
2040 3802 2159 3865 pro
2205 3784 2336 3846 fide
2391 3785 2670 3864 publica,

427 3888 614 3953 cuius
679 3890 1110 3954 ardentissimi
1157 3910 1418 3973 semper
1463 3892 1707 3955 suimus
1764 3910 1882 3973 pro
1930 3892 2135 3971 ipsius
2181 3891 2397 3954 anime
2462 3891 2671 3953 salute

429 3997 776 4076 aliquando
823 3999 888 4061 in
934 4000 1106 4062 illam
1138 4001 1455 4080 perfidam
1489 4001 1848 4062 Mahometi
1875 4007 2137 4080 gentem
2185 4015 2486 4060 exercere
2517 4016 2670 4078 pos·

428 4121 673 4184 semus,
725 4107 901 4185 quod
968 4125 1048 4170 eo
1114 4107 1465 4169 iucundius
1530 4108 1719 4170 nobis
1785 4114 1959 4170 esset
2015 4107 2068 4168 si
2124 4108 2252 4169 sub
2317 4105 2671 4168 maiestatis

427 4220 639 4275 vestre
703 4221 1162 4293 tantorumque
1211 4215 1570 4295 principum
1617 4216 1867 4277 vexillis
1914 4214 2348 4276 militaremus.
2418 4212 2670 4275 Recens

428 4327 646 4383 autem
711 4322 909 4385 huius
978 4322 1235 4385 ditionis
1302 4329 1521 4385 nostre
1589 4323 1984 4398 dominatus,
2058 4339 2163 4383 res
2228 4320 2670 4401 superioribus

428 4425 607 4492 bellis
674 4430 910 4508 quibus
975 4436 1201 4492 nostra
1265 4430 1388 4491 hec
1456 4429 1633 4492 Italia
1696 4430 2008 4493 damnata
2072 4437 2173 4492 est
2228 4429 2669 4509 gravibusque

426 4539 794 4615 temporum
861 4536 1341 4601 conditionibus
1389 4538 1618 4613 attrite,
1683 4536 1791 4598 filii
1838 4537 2208 4616 impuberes
2257 4543 2320 4598 et
2366 4536 2667 4613 infantes,
2774 4548 2777 4553 ·
