3475 5200
1361 382 1751 436 -125-

434 603 790 686 premetitis
858 603 1260 666 multimodis
1325 603 1743 667 fidelitatibus
1799 611 1863 666 et
1917 603 2205 666 fidelium
2270 602 2680 666 servitiorum·

431 710 726 792 gratuitis
771 710 1013 773 meritis
1059 719 1124 773 et
1169 710 1437 773 sinceris
1468 710 1938 791 conplacentiis
1980 710 2270 774 fidelium
2303 717 2675 773 nostrorum

436 819 816 882 dilectorum
863 817 1366 897 magnificorum
1412 817 1787 882 Mathkonis
1832 818 1915 881 de
1950 816 2283 895 Talloucz,
2331 834 2678 896 regnorum

434 933 808 990 nostrorum
854 925 1197 1004 Dalmatie,
1224 925 1479 1014 Croatie
1510 926 1945 1007 predictorum
1976 943 2057 989 ac
2087 926 2288 989 totius
2312 923 2677 1011 Sclavonie‚

433 1050 691 1097 necnon
711 1033 1074 1097 Frankonis
1104 1033 1619 1110 ZeweriniensiS‚
1642 1033 1796 1096 item
1815 1032 1981 1096 Petri
2000 1033 2286 1096 similiter
2317 1032 2674 1095 eorundem

434 1159 782 1222 regnorum
819 1150 1192 1205 nostrorum
1225 1141 1544 1204 Dalmatie
1585 1148 1650 1204 et
1697 1139 1954 1205 Croatie
1985 1141 2310 1203 banorum
2343 1147 2407 1202 et
2438 1138 2675 1218 egregii

432 1248 751 1318 Johannis
779 1249 861 1312 de
910 1249 1143 1313 eadem
1176 1247 1489 1313 Talloucz
1532 1248 1853 1330 capitanei
1915 1248 2105 1311 castri
2140 1247 2340 1311 nostri
2380 1245 2675 1309 Nandor-

432 1357 736 1435 albensis,
747 1356 960 1421 fratris
977 1357 1183 1438 ipsius
1196 1357 1569 1420 Mathkonis
1585 1356 1736 1420 bani
1757 1373 1872 1436 per
1890 1356 2072 1437 ipsos
2090 1356 2372 1438 primurn
2393 1353 2673 1417 condam

430 1464 848 1542 serenissimo
894 1463 1162 1529 domino
1209 1463 1631 1544 Sigismundo
1677 1463 2124 1527 Romanorum
2180 1459 2549 1543 imperatori
2596 1478 2676 1522 ac
2719 1541 2725 1552 .

433 1571 765 1653 Hungarie
839 1579 963 1660 etc.
1031 1571 1185 1653 regi‚
1251 1572 1415 1653 patri
1479 1578 1543 1635 et
1608 1589 1841 1635 socero
1910 1577 2139 1662 nostro
2204 1570 2543 1633 carissimo
2607 1570 2675 1631 in

432 1680 701 1754 tuitione
720 1680 999 1761 partium
1027 1687 1400 1744 nostrarum
1430 1679 1802 1742 inferiorum
1831 1697 1911 1741 ac
1956 1678 2106 1741 dicti
2126 1675 2677 1740 Nanderalbensis

433 1794 499 1850 et
542 1787 814 1851 aliorum
847 1796 1209 1852 castrorum
1236 1788 1548 1868 regalium
1581 1787 1644 1849 in
1674 1786 1922 1850 eisdem
1947 1786 2238 1868 partibus
2269 1783 2676 1848 inferioribus

434 1895 805 1958 habitorum
858 1895 1376 1971 conservatione,
1426 1896 1699 1975 aliisque
1765 1894 2038 1957 diversis
2097 1891 2537 1973 imperialibus
2613 1897 2677 1952 et

433 2003 704 2066 aliorum
740 2019 1085 2084 regnorum
1133 2021 1408 2067 suorum
1435 2003 1869 2083 predictorum
1897 2002 2125 2065 validis
2158 1997 2677 2081 expeditionibus

433 2111 574 2173 suis
603 2110 1005 2190 temporibus
1043 2128 1350 2191 sumpme
1381 2110 1908 2173 incumbentibus
1938 2109 2130 2172 simul
2161 2114 2226 2171 et
2258 2105 2673 2182 coniunctim,

434 2218 735 2298 precipue
790 2233 946 2282 vero
1004 2236 1120 2299 per
1182 2218 1365 2298 ipsos
1431 2217 1859 2281 Mathkonem
1884 2275 1888 2280 .
1914 2224 1979 2294 et
2033 2215 2294 2279 Petrum
2351 2215 2563 2278 banos
2610 2214 2674 2284 in

433 2325 727 2388 omnium
793 2334 1155 2389 castrorum
1221 2327 1535 2411 regalium
1612 2328 1674 2389 in
1758 2325 2050 2406 predicto
2136 2339 2339 2404 regno
2417 2320 2674 2384 Croatie

431 2432 822 2512 habitorum,
842 2434 1002 2498 alias
1020 2451 1135 2514 per
1152 2435 1434 2497 condam
1446 2434 1813 2497 Johannem
1845 2433 1927 2496 de
1952 2431 2379 2512 Frangiapan,
2414 2427 2672 2508 Segnie,

434 2539 668 2621 Wegle
694 2549 759 2604 et
782 2539 1092 2607 Madruse
1119 2542 1424 2606 comitem
1451 2542 1654 2622 ipsius
1677 2540 1961 2605 condam
2005 2539 2249 2604 domini
2273 2536 2676 2619 imperatoris

434 2654 499 2710 et
561 2649 731 2730 regis
795 2649 1120 2713 infidelem
1169 2668 1287 2731 pro
1352 2667 1425 2712 se
1473 2657 1710 2713 eotunc
1776 2665 2118 2731 perperam
2183 2652 2671 2726 usurpatorum,

434 2756 708 2819 aliorum
728 2757 922 2819 etiarn
950 2758 1363 2838 quorundam
1384 2765 1749 2821 castrorum
1769 2763 2140 2821 nostrorum
2160 2760 2393 2835 utputa
2409 2754 2443 2815 J
2447 2769 2673 2833 aycza,

438 2863 816 2945 Komothyn
864 2872 926 2928 et
971 2864 1275 2927 Bachacz
1321 2872 1706 2928 vocatorum
1738 2871 2371 2944 ceterorumquoque
2399 2861 2675 2924 nonnul-

433 2971 647 3034 lorum
695 2971 1143 3035 fortalitiorum
1190 2972 1255 3035 in
1302 2989 1505 3052 regno
1551 2979 1777 3036 nostro
1824 2972 2044 3036 Bozne
2076 2970 2491 3035 existentium
2522 2985 2674 3033 cum

435 3078 676 3159 ingenti
723 3086 787 3142 et
832 3080 1104 3163 copiosa
1158 3080 1451 3159 gentium
1508 3097 1780 3142 suarum
1836 3079 2196 3160 pluralitate
2266 3093 2445 3139 more
2497 3092 2674 3137 exer-

435 3186 648 3249 cituali
713 3204 866 3249 cum
931 3187 1302 3267 sumptibus
1368 3188 1507 3251 suis
1570 3187 1843 3268 propriis
1890 3188 2107 3249 levata
2148 3187 2211 3247 in
2267 3198 2469 3246 manu
2529 3180 2674 3243 sorti

436 3293 610 3356 facta
654 3293 807 3357 reali
850 3295 1338 3374 recuperatione
1385 3302 1449 3358 et
1493 3294 1801 3357 manibus
1848 3295 2053 3375 ipsius
2102 3290 2383 3356 condam
2430 3288 2673 3352 domini

438 3399 835 3482 imperatoris
893 3408 956 3463 et
1012 3401 1185 3482 regis
1239 3402 1781 3484 appropriatione,
1829 3401 1894 3464 in
1943 3399 2448 3481 quibusquidem
2495 3412 2675 3459 exer-

437 3508 780 3589 citualibus
856 3509 1382 3588 expeditionibus
1458 3525 1717 3573 necnon
1792 3517 2159 3572 castrorum
2238 3504 2675 3587 predictorum

438 3615 1036 3697 recuperationibus
1082 3623 1147 3679 et
1192 3617 1499 3698 precipue
1565 3623 1926 3681 castrorum
1982 3616 2125 3697 Zyn
2180 3616 2246 3678 in
2309 3613 2569 3678 Croatia
2615 3616 2680 3672 et

438 3720 780 3786 Haddided
826 3724 890 3787 in
940 3723 1265 3788 Boznensi
1324 3725 1539 3805 regnis
1594 3725 1898 3806 predictis
1953 3722 2381 3810 existentibus
2428 3737 2674 3800 expug-

446 3831 841 3908 nationibus,
891 3849 1092 3912 quam
1130 3833 1423 3913 pluribus
1471 3833 1862 3896 notabilibus
1910 3831 2074 3895 caris
2121 3828 2541 3892 familiaribus
2588 3826 2677 3905 ip-

437 3954 662 4000 sorum
691 3937 928 4002 ibidem
968 3939 1138 4002 cesis
1172 3946 1234 4004 et
1264 3940 1519 4017 occisis,
1554 3946 1888 4020 postremo
1918 3956 2077 4002 vero
2106 3943 2326 4002 nostre
2359 3932 2678 3998 maiestati

433 4051 726 4127 tempore
772 4045 1050 4109 felicium
1085 4054 1150 4110 et
1179 4054 1572 4127 cooperante
1599 4047 1818 4110 divina
1845 4045 2267 4126 dispositione
2311 4043 2678 4106 votivarum

438 4161 809 4217 nostrarum
881 4154 1213 4218 electionis
1277 4161 1342 4217 et
1404 4155 1845 4218 coronationis
1914 4155 1976 4217 in
2046 4170 2266 4232 regern
2343 4147 2677 4228 Hungarie

439 4261 809 4324 habitarum
873 4267 936 4324 et
1002 4269 1237 4342 expost
1302 4279 1518 4343 usque
1581 4262 1644 4325 in
1709 4260 2181 4343 presentiarum
2263 4277 2414 4322 cum
2503 4255 2678 4320 omni

439 4367 820 4432 sinceritatis
829 4369 988 4435 zelo
1012 4376 1076 4432 et
1102 4369 1527 4435 sollicitudine
1545 4370 1879 4434 indefessa
1901 4370 2233 4450 diligenter
2263 4374 2327 4430 et
2358 4366 2681 4429 ferventer

437 4475 736 4539 exhibitis
782 4482 847 4538 et
884 4475 1198 4557 impensis
1245 4477 1641 4558 quibusdam
1689 4478 2042 4543 venditioni
2093 4484 2158 4540 et
2207 4470 2678 4557 perpetuationi

437 4582 849 4661 quarundam
895 4586 1399 4663 possessionum
1446 4583 1700 4649 Saarud
1748 4592 1812 4648 et
1859 4584 2133 4666 Fyzygh
2191 4590 2575 4647 vocatarum
2614 4579 2678 4640 in
