3475 5200
1718 350 2108 404 -294-

791 591 920 656 que
966 590 1223 649 sumus,
1290 588 1363 634 se
1421 571 1610 634 nobis
1657 588 1915 651 semper
1959 578 2217 650 gratum
2263 577 2328 633 et
2373 577 2717 650 acceptum
2771 570 3041 634 reddere

791 680 1040 745 studuit
1086 686 1152 743 et
1197 677 1816 759 irreprehensibilem
1882 677 2141 740 efficere
2188 677 2453 738 curavit.
2494 677 2807 740 Volentes
2855 680 3043 758 igitur

792 786 1004 851 eidem
1070 781 1247 866 regio
1316 803 1654 848 occurrere
1720 803 1872 847 cum
1940 784 2169 848 favore
2221 791 2508 846 castrum
2572 783 2929 863 Feyerkew
2974 787 3037 847 in

801 891 1107 959 Crisie'nsi
1155 912 1234 957 ac
1306 894 1661 956 districtum
1719 892 2383 973 Thewthosewysna,
2443 910 2700 956 necnon
2775 895 3039 957 castella

796 1003 1236 1084 Komogoyna
1276 1002 1341 1064 in
1383 999 1804 1083 Zagrabiensi
1847 1018 1925 1062 ac
1959 1001 2293 1078 DolaczkY
2319 1009 2557 1063 vocata
2604 1002 2667 1063 in
2698 1001 2778 1063 de
2827 1000 3042 1064 Orbaz

792 1110 1205 1174 comitatibus
1250 1109 1610 1185 existentia,
1645 1126 1775 1190 que
1799 1109 1959 1170 alias
1983 1108 2242 1171 illustris
2272 1108 2553 1170 condam
2577 1108 2755 1171 Wok
2785 1108 3035 1190 despoti

790 1218 1020 1280 Rascie
1067 1216 1407 1296 prefuisse,
1457 1216 1573 1278 sed
1621 1232 1736 1296 per
1775 1222 2052 1278 mortem
2099 1222 2163 1276 et
2209 1214 2539 1277 defectum
2571 1216 2840 1278 seminis
2872 1217 3038 1279 eius-

790 1325 940 1388 dem
988 1323 1371 1387 iamdudum
1410 1322 1495 1384 ad
1526 1339 1783 1384 sacram
1831 1322 1980 1384 dicti
2028 1324 2206 1402 regni
2252 1323 2453 1384 nostri
2493 1322 2825 1403 Hungarie
2859 1342 3037 1386 coro·

791 1450 944 1493 nam
995 1437 1602 1512 consequenterque
1668 1429 2079 1492 collationem
2128 1430 2367 1508 regiam
2435 1431 2762 1508 devoluta,
2808 1449 3035 1494 verum

790 1557 905 1618 per
976 1538 1467 1601 serenissimum
1533 1538 1890 1617 principem
1958 1537 2243 1601 condam
2308 1538 2648 1601 dominum
2722 1538 3035 1601 Mathiam

791 1646 1072 1708 similiter
1133 1662 1356 1726 regem
1421 1644 1752 1725 Hungarie
1818 1652 1881 1707 et
1946 1645 2257 1707 Bohemie
2323 1652 2441 1708 etc.
2487 1646 3035 1726 predecessorem

791 1761 1085 1816 nostrum
1135 1754 1304 1815 clare
1351 1752 1662 1815 memorie
1710 1760 1862 1833 post
1910 1753 2202 1815 eiusdem
2250 1753 2427 1815 Wok
2483 1752 2738 1833 despoti
2787 1753 3033 1815 obitum

788 1877 1107 1940 generose
1154 1860 1415 1923 domine
1448 1860 1728 1922 Barbare
1762 1861 1976 1922 relicte
2023 1860 2317 1923 eiusdem
2351 1860 2626 1940 despoti,
2676 1877 2853 1923 nunc
2885 1877 3033 1923 vero

790 1967 1073 2031 consorti
1139 1968 1374 2048 egregii
1424 1966 1748 2029 Francisci
1806 1966 2053 2029 Berizlo
2102 1967 2184 2031 de
2231 1968 2589 2046 Grabor‘ya,
2656 1968 2782 2058 sub
2850 1968 3033 2030 certis

790 2077 997 2158 pactis
1054 2082 1115 2138 et
1164 2075 1641 2138 conditionibus
1708 2076 2013 2155 inscripta
2061 2082 2124 2137 et
2169 2075 2482 2155 deputata
2544 2075 2748 2137 fuisse
2798 2082 2863 2138 et
2909 2093 3035 2155 que

787 2184 1053 2247 tandem
1102 2201 1185 2245 ex
1228 2169 1330 2262 e0,
1380 2184 1557 2263 quod
1605 2183 1778 2246 idem
1811 2183 2198 2246 Franciscus
2244 2201 2285 2244 a
2333 2190 2508 2245 certo
2555 2182 2683 2244 iam
2725 2190 3032 2263 tempore,

789 2293 1093 2372 precipue
1124 2308 1282 2354 vero
1332 2309 1464 2370 quo
1498 2290 1730 2353 eadem
1778 2289 2065 2351 Barbara
2110 2290 2230 2352 sibi
2280 2290 2629 2364 nubsisset‚
2660 2289 3032 2351 continuam

790 2399 1354 2462 conversationem
1387 2407 1450 2460 et
1481 2398 1832 2479 practicam
1863 2398 2377 2476 continuumque
2406 2403 2749 2459 tractatum
2774 2403 2840 2459 et
2856 2375 3035 2458 'com-

791 2507 1103 2568 mercium
1154 2523 1305 2568 cum
1352 2503 1651 2582 ThurciS,
1702 2505 1941 2566 nostris
1986 2491 2070 2566 'et
2128 2504 2324 2566 huius
2372 2505 2547 2584 regni
2603 2505 3030 2584 universeque

796 2613 1273 2676 christianitatis
1297 2613 1597 2675 hostibus
1644 2612 1884 2675 habere
1918 2614 2196 2693 cepisset
2238 2619 2301 2675 et
2347 2612 2475 2674 iam
2510 2613 2776 2675 demum
2815 2612 3031 2673 imme·

791 2739 938 2784 mor
1001 2720 1228 2783 salutis
1288 2727 1353 2781 et
1399 2720 1666 2782 honoris
1732 2728 1928 2799 atque
1978 2720 2128 2782 fidei
2176 2729 2240 2782 et
2285 2721 2607 2800 religionis
2673 2718 3031 2793 christiane,

793 2844 1048 2890 necnon
1083 2827 1404 2890 fidelitatis
1451 2834 1515 2890 et
1560 2828 1924 2891 obedientie
1955 2829 2148 2890 nobis
2191 2837 2261 2890 ut
2294 2845 2450 2890 vero
2498 2829 2629 2906 regi
2657 2846 2737 2890 ac
2770 2827 3034 2889 domino

795 2952 1110 3015 sacreque
1158 2952 1397 2997 corone
1464 2935 1877 2997 iureiurando
1931 2935 2193 3014 prestite
2239 2935 2438 3013 virus,
2507 2935 2684 3016 quod
2731 2934 2842 2996 diu
2887 2950 3033 2995 con·

793 3049 1052 3122 ceperat
1117 3050 1180 3104 et
1244 3043 1309 3104 in
1374 3043 1595 3104 animo
1657 3043 1959 3123 gestabat
2025 3042 2088 3104 in
2154 3049 2443 3105 nostram
2492 3051 2554 3104 et
2601 3043 2800 3105 totius
2861 3039 3032 3120 regni

792 3150 990 3212 huius
1036 3150 1386 3230 perniciem
1436 3148 1826 3225 evomendO,
1854 3168 2144 3212 unacum
2190 3151 2421 3213 eadem
2460 3150 2725 3212 domina
2757 3148 3039 3210 Barbara

792 3264 855 3319 et
900 3257 1113 3320 liberis
1157 3258 1296 3319 suis
1343 3258 1427 3319 ad
1472 3257 1778 3320 Thurcos
1811 3257 2131 3320 defecisse
2168 3259 2544 3337 eisdemque
2591 3256 2931 3318 adhesisse
2978 3258 3039 3314 et

792 3364 946 3426 huic
993 3364 1344 3445 nephando
1382 3364 1649 3426 facinori
1683 3366 1979 3427 eiusdem
2010 3365 2062 3426 F
2065 3366 2335 3428 rancisci
2365 3366 2508 3444 ipsa
2550 3364 2743 3427 etiam
2777 3361 3037 3425 domina

793 3471 1078 3534 Barbara
1124 3472 1540 3535 consensisse
1588 3472 2005 3551 eundemque
2052 3472 2352 3534 maritum
2402 3488 2598 3533 suum
2632 3478 2859 3533 secuta
2892 3484 3035 3531 esse

793 3579 1039 3657 dicitur,
1090 3586 1152 3640 et
1195 3597 1276 3641 ex
1307 3597 1388 3642 eo
1434 3585 1656 3641 notam
1703 3587 2015 3659 perpetue
2058 3578 2446 3641 infidelitatis
2476 3585 2612 3639 tam
2643 3577 2816 3638 idem
2846 3576 2896 3638 F
2899 3593 3034 3638 ran-

794 3685 1009 3748 ciscus
1057 3694 1119 3747 et
1164 3687 1340 3748 liberi
1386 3686 1476 3748 tui
1525 3705 1857 3766 quamque
1920 3687 2112 3749 etiam
2170 3685 2400 3747 eadem
2448 3684 2712 3747 domina
2759 3682 3039 3746 Barbara

792 3793 1136 3856 manifeste
1169 3793 1536 3870 incurrisse,
1586 3794 1813 3874 sicque
1847 3794 2021 3856 bona
2068 3794 2356 3874 predicta
2400 3809 2629 3856 rursus
2668 3792 2752 3853 ad
2786 3808 3037 3854 sacram

793 3917 1106 3963 coronam
1153 3910 1217 3964 et
1264 3908 1741 3980 consequenter
1789 3900 2201 3963 collationem
2249 3908 2538 3963 nostram
2605 3900 2787 3962 iuxta
2848 3898 3046 3962 huius

793 4010 969 4089 regni
1032 4009 1234 4072 nostri
1299 4009 1842 4072 consuetudinem
1906 4008 2018 4071 rite
2078 4016 2142 4071 et
2200 4008 2480 4087 legitime
2537 4007 2845 4070 devoluta
2898 4022 3054 4070 esse

793 4115 1234 4195 dinoscantur,
1299 4117 1451 4178 item
1519 4122 1730 4178 totum
1779 4123 1842 4178 et
1889 4134 2085 4179 omne
2134 4116 2235 4178 ius
2290 4123 2586 4197 nostrum
2652 4115 2933 4196 regium,
3010 4112 3061 4176 si

792 4224 970 4304 quod
1029 4225 1223 4287 etiam
1272 4225 1432 4287 alias
1464 4225 1528 4287 in
1561 4225 1809 4287 eisdem
1858 4231 2093 4303 castr0,
2143 4222 2431 4286 districtu
2460 4231 2523 4286 et
2563 4222 2847 4300 castellis
2884 4230 3067 4286 cete-

795 4331 1010 4411 risque
1032 4331 1225 4393 etiam
1256 4332 1396 4394 aliis
1420 4333 1610 4394 bonis
1631 4339 1694 4394 et
1718 4331 2251 4411 possessionibus
2280 4330 2656 4409 iuribusque
2680 4328 3050 4410 possessio·

794 4437 988 4500 nariis
1014 4439 1370 4501 eorundem
1391 4438 1716 4503 Francisci
1744 4440 1990 4502 Berizlo
2021 4446 2084 4501 et
2115 4438 2376 4501 domine
2409 4437 2690 4499 Barbare
2706 4436 2769 4498 in
2801 4437 3044 4517 predic-

792 4547 875 4609 tis
918 4545 1333 4608 comitatibus
1363 4547 1791 4610 existentibus
1832 4557 1897 4608 et
1934 4547 2168 4608 habitis
2211 4546 2744 4625 qualitercunque
2776 4544 3043 4607 habere-

3098 5068 3377 5155 mma-A
