3475 5200
1681 368 2071 420 -154-

1721 586 2033 650 CCXXV.

1424 729 1639 808 Bada,
1687 727 1870 793 1448
1919 775 2328 795 .......

749 858 826 904 Az
846 852 1037 919 orszag
1061 855 1273 919 nagyjai
1299 851 1648 918 meghagyjak
1669 869 1701 905 a
1727 854 1909 904 leleszi
1934 854 2290 917 konventnek,
2310 855 2456 919 hogy
2474 869 2506 905 a
2524 854 2733 918 szepesi
2754 850 2992 918 kfiptalan

748 941 1107 1010 panaszdbam
1128 945 1268 1010 mely
1287 945 1484 994 szerint
1507 943 1830 993 Brankovics
1850 943 2071 1009 Gyorgy
2090 940 2210 994 racz
2237 945 2495 1008 deszpota
2512 939 2674 1007 talyai
2693 938 2993 1008 varnagyjai

749 1046 784 1085 a
820 1038 1065 1085 nevezett
1101 1031 1345 1099 kaptalan
1387 1032 1577 1084 Liszka
1615 1030 1913 1083 birtokabol
1941 1047 2045 1098 egy
2069 1030 2211 1083 reszt
2235 1034 2366 1083 urok
2402 1029 2640 1083 tudtaval
2675 1047 2707 1083 a
2744 1032 2995 1098 deszpota

812 1121 1160 1174 szomszedos
1206 1119 1537 1185 birtokfihoz‚
1587 1122 1872 1187 Ujfaluhoz
1911 1123 2185 1185 csatoltak,
2224 1124 2547 1188 alpereseket
2582 1120 2764 1173 idezze
2800 1136 2933 1186 meg.

963 1235 1211 1313 Prelati‚
1278 1234 1578 1307 barones
1628 1234 1882 1296 nobiles
1938 1242 2001 1297 et
2073 1250 2376 1314 proceres
2431 1233 2609 1314 regni
2666 1232 2991 1312 Hungarie

746 1342 1033 1405 universi
1079 1342 1430 1403 conventui
1485 1341 1757 1404 ecclesie
1814 1349 2041 1403 sancte
2090 1341 2302 1403 crucis
2349 1341 2429 1403 de
2478 1341 2669 1404 Lelez
2720 1341 2991 1403 salutem

747 1468 901 1514 cum
974 1450 1216 1512 favore.
1300 1448 1667 1529 Exponitur
1743 1448 1934 1511 nobis
2010 1449 2074 1511 in
2150 1449 2446 1528 personis
2522 1448 2989 1512 honorabilium

748 1558 1161 1624 dominorum
1183 1558 1489 1637 prepositi
1509 1565 1573 1619 et
1594 1557 1853 1637 capituli
1880 1557 2152 1619 ecclesie
2172 1554 2649 1636 ScepusiensiS,
2663 1554 2991 1634 quomodo

747 1662 1109 1728 Sandrinus
1139 1664 1219 1727 de
1244 1663 1591 1727 Helwmba
1622 1671 1686 1726 et
1710 1663 2051 1727 Ladislaus
2075 1665 2156 1727 de
2183 1664 2431 1726 Pathak
2455 1664 2784 1726 castellani
2809 1662 2991 1725 castri

746 1770 1003 1852 Thalya
1066 1789 1150 1834 ex
1216 1771 1679 1834 commissione
1747 1772 2005 1834 illustris
2070 1771 2373 1852 principis
2437 1771 2681 1832 domini
2746 1768 2994 1850 despoti

748 1878 1005 1960 Georgii
1055 1879 1307 1959 despoti
1357 1877 1586 1940 Rascie
1625 1878 1871 1940 domini
1910 1879 2149 1941 scilicet
2192 1880 2503 1959 ipsorum,
2543 1877 2668 1940 hiis
2705 1877 2993 1958 proxime

746 1987 1060 2069 preteritis
1138 1986 1596 2048 disturbiorum
1677 1986 2081 2064 temporibus
2146 1995 2296 2066 post
2382 1985 2623 2048 scilicet
2697 1984 2994 2065 generale

746 2094 1078 2157 decretum
1099 2095 1165 2156 in
1186 2094 1354 2156 Alba
1388 2110 1503 2172 per
1533 2110 1658 2155 nos
1686 2093 1952 2168 editum,
1983 2111 2260 2173 magnas
2292 2101 2602 2156 terrarum
2637 2091 2990 2167 arabilium,

745 2203 1054 2266 silvarum
1101 2218 1182 2263 ac
1213 2200 1607 2280 piscinarum
1657 2201 2004 2279 particulas
2052 2202 2115 2262 in
2155 2201 2320 2264 facie
2352 2200 2794 2280 possessionis
2825 2199 2989 2279 ipso·

745 2327 890 2372 rum
918 2309 1384 2390 exponentium
1425 2307 1650 2386 Lyzka
1679 2315 1932 2385 vocate,
1964 2327 2005 2369 a
2037 2317 2216 2389 parte
2249 2307 2689 2388 possessionis
2706 2306 2990 2385 Wyfalw

744 2417 893 2480 dicti
943 2416 1186 2479 domini
1236 2415 1488 2495 despoti
1536 2414 1910 2477 adiacentes
1957 2432 2074 2496 pro
2118 2433 2190 2478 se
2228 2416 2387 2496 ipsis
2433 2421 2873 2496 occupassent
2906 2407 2991 2492 (et

744 2524 830 2586 ad
894 2523 1133 2585 dictam
1159 2515 1205 2603 ?)
1282 2522 1775 2603 possessionem
1843 2523 2048 2603 ipsius
2111 2522 2355 2585 domini
2434 2523 2686 2604 despoti
2750 2521 2989 2583 Wfalw

744 2632 1168 2693 annexissent
1237 2631 1524 2710 potentia
1587 2632 1935 2708 mediante,
2006 2632 2070 2693 in
2147 2632 2504 2694 eorundem
2581 2630 2987 2693 dominorum

744 2738 1050 2820 prepositi
1099 2745 1163 2799 et
1209 2737 1468 2816 capituli
1516 2738 1940 2817 preiudicium
1989 2745 2053 2800 et
2101 2739 2416 2801 damnum
2466 2738 2988 2817 valdemagnum.

744 2846 957 2927 Super
987 2862 1119 2925 quo
1143 2852 1427 2908 vestram
1459 2846 1842 2924 requirimus
1875 2847 2311 2923 devotionem,
2345 2854 2672 2924 quatenus
2702 2852 2988 2907 vestrum

743 2953 1008 3016 mittatis
1054 2952 1385 3014 hominem
1425 2950 1569 3032 (pro
1606 2949 2001 3033 testimonio)
2040 2954 2465 3033 fidedignum‚
2515 2970 2649 3032 quo
2698 2958 2990 3032 presente

742 3061 1084 3123 Ladislaus
1132 3059 1212 3121 de
1261 3059 1617 3138 Rozwagh,
1674 3068 1790 3122 aut
1844 3060 2126 3124 Mathias
2173 3062 2272 3124 sin
2322 3060 2563 3123 Paulus
2618 3059 2867 3121 Parvus
2912 3059 2992 3120 de

743 3168 1001 3248 Hogka,
1051 3167 1148 3230 sin
1199 3166 1532 3228 Dionisius
1565 3166 1647 3228 de
1684 3167 1901 3244 Abon‚
1950 3185 2115 3231 neve
2159 3167 2536 3247 Stephanus
2582 3165 2867 3229 Thassol
2912 3165 2991 3227 de

743 3277 1092 3351 Kelechen,
1132 3280 1246 3335 aut
1282 3272 1619 3335 Johannes
1656 3274 1736 3336 de
1771 3275 2124 3351 Lazthoch‚
2158 3269 2324 3355 (aliis
2361 3269 2773 3351 absentibus)
2786 3273 2992 3335 homo

742 3391 983 3460 noster,
1033 3381 1195 3443 scita
1239 3380 1505 3442 veritate
1553 3382 2019 3461 premissorum
2076 3391 2305 3445 evocet
2352 3384 2638 3463 prefatos
2693 3381 2995 3444 dominos

742 3492 1091 3570 despotum
1147 3506 1225 3549 ac
1283 3487 1678 3550 Sandrinum
1735 3497 1799 3552 et
1866 3489 2235 3553 Ladislaum
2301 3489 2555 3568 (contra
2619 3486 2992 3560 annotatos)

740 3597 1046 3659 dominos
1092 3595 1492 3675 prepositum
1532 3603 1596 3658 et
1632 3597 1986 3675 capitulum
2035 3598 2306 3661 ecclesie
2354 3595 2811 3678 Scepusiensis
2857 3612 2991 3676 pre-

741 3705 909 3766 dicte
955 3710 1247 3765 nostram
1294 3702 1360 3764 in
1405 3704 1800 3783 presentiam
1846 3704 1930 3765 ad
1978 3712 2247 3768 octavas
2295 3703 2465 3782 (sesti
2517 3697 2714 3784 beati)
2769 3701 2991 3764 Jacobi

740 3811 1017 3893 apostoli
1065 3827 1243 3872 nunc
1287 3811 1562 3887 venturi,
1612 3811 1928 3873 rationem
1976 3811 2058 3874 de
2106 3813 2440 3892 premissis
2496 3812 2822 3888 reddituri,
2887 3810 2990 3871 lite

740 3919 1064 3998 pendente
1107 3918 1160 3980 si
1203 3935 1334 3996 qua
1373 3917 1538 3979 foret
1594 3917 1757 3978 inter
1793 3915 1999 3998 (ipsos
2036 3936 2170 3980 non
2214 3921 2536 3997 obstante,
2587 3920 2992 3982 insinuantes

740 4024 977 4087 ibidem
1025 4016 1319 4103 eisdem),
1382 4031 1454 4085 ut
1519 4023 1655 4086 sive
1720 4025 1841 4104 ipsi
1908 4028 2158 4089 octavis
2214 4027 2278 4088 in
2336 4027 2706 4107 prescriptis
2771 4042 2991 4088 coram

740 4131 932 4192 nobis
978 4147 1106 4193 con
1156 4172 1812 4192 ...........
1862 4133 2059 4195 rentis
2121 4133 2512 4211 instantiam,
2562 4134 2626 4196 id
2673 4134 2993 4195 faciemus

741 4237 805 4297 in
839 4237 1190 4316 premissi5‚
1239 4236 1394 4315 quid
1441 4237 1556 4298 iuri
1604 4237 1924 4300 videbitur
1969 4241 2288 4320 expedire.
2358 4242 2443 4304 Et
2511 4249 2663 4322 post
2710 4286 2991 4304 .....

741 4344 942 4406 modo
1007 4344 1390 4407 rescribatis,
1459 4344 1696 4406 Datum
1765 4344 1949 4407 Bude
2014 4346 2173 4408 feria
2235 4356 2421 4410 sexta
2487 4350 2785 4430 proxima
2845 4356 2994 4429 post

743 4494 1389 4512 ...........
1438 4451 1680 4513 domini
1729 4453 2068 4516 millesimo
2101 4455 2742 4536 quadringentesimo
2791 4456 2991 4536 quad-

553 4566 676 4612 1448·
743 4558 1065 4637 ragesimo
1114 4566 1367 4620 octavo,

563 3785 670 3829 1448

530 3857 616 3912 jm.
651 3859 690 3901 1.
