3475 5200
1699 299 2088 353 —378—

770 519 1101 595 volumus,
1167 519 1315 581 ideo
1383 519 1772 598 requirimus
1835 527 2092 582 vestras
2175 520 2489 583 amicitias
2553 520 2745 582 nobis
2809 538 3018 596 caras»,

770 632 1098 705 quatenus
1153 644 1401 703 currus,
1469 643 1638 706 quos
1705 626 1789 688 ibi
1855 627 1937 689 ad
1985 632 2277 691 nostram
2308 626 2788 707 expeditionem
2834 645 3015 691 exer-

766 734 1072 797 citualem
1143 734 1464 814 preparari
1520 733 1764 797 fecistis
1830 733 2180 797 simulcum
2245 734 2622 798 bombardis
2668 735 2907 798 nostris
2954 743 3019 797 et

770 841 911 904 aliis
948 840 1315 919 attinentiis,
1350 858 1478 920 que
1511 840 1679 904 circa
1714 842 1985 905 eosdem
2033 858 2263 904 currus
2310 841 2682 905 necessario
2727 842 3017 919 attinent,

770 949 858 1009 ad
920 965 1130 1011 naves
1195 948 1540 1029 disponere
1604 957 1667 1012 et
1732 966 1948 1028 usque
2014 950 2278 1012 Budam
2334 948 2422 1011 ad
2484 966 2728 1012 manus
2783 949 3019 1029 egregii

778 1057 1051 1119 Ladislai
1117 1057 1200 1119 de
1259 1056 1511 1137 Pathay
1576 1056 1864 1136 magistri
1931 1056 2106 1120 curie
2173 1063 2394 1120 nostre
2457 1057 2651 1119 castri
2697 1056 3020 1119 Budensis

774 1165 1100 1226 destinare
1162 1164 1389 1242 velitiS,
1457 1165 1566 1243 qui
1634 1164 1899 1227 tandem
1965 1164 2236 1228 eosdem
2304 1165 2387 1226 ad
2445 1165 2694 1227 vadum
2740 1163 3020 1226 Danubii

774 1289 987 1351 usque
1018 1270 1504 1335 Nandoralbam
1536 1272 1904 1346 destinabit,
1936 1279 1999 1336 et
2029 1273 2206 1336 aliud
2236 1262 2550 1352 rogamus
2582 1290 2715 1336 non
2749 1271 3019 1349 faciatiS,

778 1380 984 1457 primo
1040 1397 1245 1444 causa
1310 1379 1411 1443 dei
1477 1388 1541 1442 et
1605 1379 2104 1458 christianitatiS,
2176 1388 2239 1443 et
2303 1380 2570 1444 tandem
2634 1397 2750 1460 pro
2797 1388 3023 1442 nostra

774 1487 1054 1550 amicitia
1100 1487 1429 1567 singulari,
1478 1487 1598 1549 sed
1644 1505 1802 1550 mox
1858 1487 2016 1550 visis
2060 1487 2473 1567 presentibus
2541 1488 2680 1549 sine
2725 1486 3022 1549 tarditate

774 1595 1048 1657 eosdem
1129 1612 1359 1657 currus
1436 1602 1502 1657 et
1568 1594 1966 1658 bombardas
2039 1596 2504 1659 transmittatis,
2576 1593 3022 1684 'Promittimus

774 1709 998 1764 autern
1059 1701 1249 1764 vobis
1316 1703 1642 1765 mediante
1708 1702 1858 1779 fide,
1926 1703 2106 1781 quod
2169 1702 2475 1783 quicquid
2523 1702 2607 1765 de
2661 1701 2892 1765 vestris
2938 1699 3025 1761 ad

778 1809 950 1872 hanc
981 1826 1118 1871 rem
1152 1808 1600 1889 exposueritiS,
1635 1809 1776 1872 sine
1808 1809 2069 1873 defectu
2100 1810 2333 1873 vestris
2362 1810 2657 1872 amicitiis
2698 1809 3022 1890 persolve-

778 1934 929 1979 mus
961 1924 1026 1979 et
1056 1918 1321 1996 insuper
1351 1916 1539 1979 vobis
1571 1933 1833 1996 semper
1856 1934 2010 1979 cum
2039 1918 2218 1980 omni
2252 1918 2688 1980 benivolentia
2708 1923 2772 1979 et
2797 1915 3022 1978 favore

774 2025 1015 2086 adesse
1077 2025 1408 2101 volumus,
1477 2022 1743 2103 dempto
1801 2069 2086 2089 .....
2137 2042 2266 2106 que
2332 2044 2450 2104 pro
2515 2026 2767 2089 honore
2812 2024 2913 2085 dei
2961 2031 3028 2085 et

778 2131 1255 2194 christianitatis
1319 2137 1583 2193 vosmet
1637 2132 1807 2193 circa
1876 2133 2005 2195 hoc
2070 2134 2405 2212 negotium
2453 2133 2608 2194 dare
2639 2180 2654 2195 .
2694 2179 2707 2193 .
2742 2177 2800 2192 ..
2849 2130 3027 2192 sistis

782 2238 1040 2302 indubie
1086 2246 1321 2316 tenete,
1372 2237 1552 2319 quod
1595 2239 1787 2301 vobis
1835 2238 1958 2313 illa,
2007 2257 2136 2318 que
2183 2240 2264 2303 de
2311 2239 2544 2302 vestris
2592 2237 3027 2318 exposueritis

778 2349 946 2409 sicut
977 2347 1395 2426 promisimus
1435 2347 1689 2425 absque
1740 2346 2119 2409 difficultate
2152 2347 2522 2410 reddemus,
2556 2344 2820 2410 Scimus
2852 2344 3026 2406 enim

778 2465 842 2517 et
890 2453 1283 2517 confidimus
1329 2454 1392 2515 in
1441 2455 1845 2516 humanitate
1893 2462 2130 2531 vestra,
2179 2455 2361 2533 quod.
2404 2455 2466 2516 in
2515 2453 2638 2515 hiis
2683 2452 2860 2515 aliud
2891 2468 3027 2513 non

782 2560 1028 2642 [ficietis
1092 2565 1157 2622 et
1225 2558 1526 2623 festinare
1592 2561 1800 2623 velitis
1871 2577 2024 2624 curn
2092 2560 2588 2624 transmissione
2664 2558 3023 2623 eorundem

779 2688 814 2730 c
826 2685 1088 2730 urruum
1122 2674 1187 2730 et
1217 2667 1746 2745 bombardarum,
1776 2669 2087 2747 quoniam
2119 2669 2287 2731 sicut
2318 2669 2727 2749 percepimus
2758 2667 3028 2748 pretacti

782 2776 976 2838 Turci
1023 2775 1367 2837 transitum
1413 2784 1712 2838 nostrum
1759 2777 1823 2838 in
1872 2776 2177 2840 Danubio
2224 2777 2614 2858 pretendunt
2655 2777 3031 2856 perturbare

778 2898 846 2946 et
891 2901 1009 2964 pro
1054 2890 1236 2946 tanto
1282 2900 1557 2945 necesse
1604 2890 1722 2961 est,
1773 2891 1845 2946 ut
1907 2883 2085 2965 prius
2140 2883 2391 2963 pedites
2455 2901 2535 2945 ac
2600 2899 2828 2945 currus
2874 2899 3029 2944 cum

786 2990 1156 3054 bombardis
1203 2997 1268 3053 et
1313 2991 1541 3053 ceteris
1605 2991 1878 3070 ingeniis
1924 3009 2039 3070 per
2081 2992 2328 3054 vadum
2393 2991 2807 3054 transfretare
2872 2989 3030 3051 faci·

782 3116 953 3175 nmS,
1003 3105 1074 3160 ut
1123 3104 1257 3161 tute
1304 3105 1370 3159 et
1411 3098 1607 3161 libere
1653 3101 1994 3161 valeamus
2041 3117 2193 3162 cum
2239 3099 2545 3179 gentibus
2582 3100 3032 3162 exercituanti-

782 3210 907 3269 bus
939 3205 1315 3268 Danubium
1346 3205 1634 3267 transire.
1686 3206 1896 3285 Magis
1926 3212 1990 3268 et
2020 3206 2275 3269 avidius
2307 3213 2559 3269 vestras
2591 3208 3033 3271 humanitates

782 3327 1008 3393 rogare
1040 3331 1174 3376 non
1206 3331 1588 3393 possumuS,
1639 3314 1808 3376 sicut
1839 3332 2171 3394 rogamuS,
2220 3314 2400 3395 quod
2441 3315 2505 3376 in
2535 3315 3033 3378 transmissione

778 3426 1072 3498 ipsorum
1115 3440 1422 3486 curruum
1455 3430 1573 3485 etc.
1609 3439 1794 3484 mora
1825 3423 2040 3501 aliqua
2081 3439 2212 3487 non
2247 3422 2702 3485 committatur.
2733 3422 3035 3485 Preterea

778 3531 999 3592 animo
1047 3531 1206 3592 satis
1272 3531 1549 3593 molesto
1618 3531 2051 3610 percepimus,
2118 3530 2390 3609 qualiter
2445 3529 2779 3595 castellani
2828 3532 3035 3594 nostri

784 3638 1121 3701 Budenses
1189 3655 1311 3701 vos
1368 3639 1453 3700 ad
1509 3639 1918 3700 exactionem
1985 3614 2455 3701 tricesimarum
2504 3639 2786 3700 multum
2833 3640 3037 3701 mole-

778 3752 1045 3823 starent,
1095 3762 1293 3824 super
1338 3763 1470 3825 quo
1518 3746 1723 3809 taliter
1768 3745 1958 3808 vobis
2014 3745 2311 3823 dicimus,
2378 3744 2559 3824 quod
2623 3762 2756 3809 non
2806 3752 2908 3808 aet
2953 3746 3037 3806 de

782 3859 1005 3914 nostra
1050 3853 1407 3927 voluntate,
1456 3857 1519 3914 et
1566 3851 1630 3913 in
1678 3852 1947 3914 veritate
1993 3852 2183 3914 vobis
2230 3852 2683 3931 promittimuS,
2727 3852 2908 3931 quod
2952 3853 3038 3915 de

778 3959 1109 4036 omnibus,
1157 3976 1285 4038 que
1335 3959 1455 4038 ipsi
1503 3957 1705 4021 nostri
1755 3958 2087 4022 castellani
2120 3976 2318 4039 super
2347 3972 2470 4021 vos
2504 3965 2732 4021 contra
2777 3967 3034 4023 vestras

782 4070 1108 4130 libertates
1156 4072 1564 4145 ceceperunt,
1602 4083 1718 4146 per
1749 4065 1931 4146 ipsos
1961 4067 2150 4129 vobis
2200 4067 2711 4135 satisfactionem
2750 4067 3035 4148 impendi

786 4177 1103 4239 faciemus
1149 4174 1602 4238 omnimodum
1649 4181 1715 4239 et
1743 4191 1898 4239 ecce
1929 4176 2308 4255 scripsimus
2351 4175 2468 4253 εἰς,
2517 4175 2695 4255 quod
2728 4175 3035 4256 deinceps

790 4302 913 4345 ros
960 4301 1092 4347 non
1141 4288 1520 4363 presumant
1567 4300 1719 4344 curn
1769 4282 2109 4345 exactione
2153 4281 2625 4345 tricesimamm
2671 4283 3039 4344 molestare.

606 4458 710 4498 1443
798 4394 1036 4454 Datum
1085 4392 1147 4453 in
1181 4391 1449 4455 Thorda
1481 4390 1543 4453 in
1578 4391 1746 4454 festo
1780 4393 1968 4453 beate
2001 4393 2190 4454 Anne
2224 4391 2446 4453 matris
2479 4389 2680 4452 Marie
2712 4406 2891 4452 anno
2916 4397 3039 4452 etc.

570 4518 754 4582 jflL2ffi
806 4499 914 4560 XL
958 4505 1217 4565 OCtaVO·
