3475 5200
1607 381 1996 436 —198—

677 603 824 665 laus
872 601 954 666 de
1001 604 1251 666 Pathak
1297 603 1693 666 castellanus
1739 603 1933 666 castri
1963 601 2221 683 Thalya
2264 604 2480 666 vocati
2525 621 2606 667 ac
2654 604 2933 668 Michael

678 709 850 775 filius
914 709 1208 773 eiusdem
1273 709 1708 790 predictorum
1776 709 2017 773 domini
2083 710 2337 790 despoti
2402 729 2481 774 ac
2548 710 2774 774 Lazari
2822 712 2931 775 filii

679 819 843 896 eiuS,
868 835 1128 881 necnon
1161 818 1407 881 Paulus
1450 818 1532 880 de
1575 818 1826 897 Pathay
1857 834 1937 880 ac
1966 815 2287 897 Georgius
2318 818 2402 880 de
2433 818 2664 900 Parlag
2702 823 2928 883 castel-

676 926 806 989 lani
836 927 1079 989 castelli
1103 925 1389 1006 Thokay
1412 925 1648 1003 vocati,
1672 924 1970 988 videlicet
2005 924 2332 1005 magnifici
2362 925 2659 990 videlicet
2687 927 2933 991 Johan-

680 1035 782 1097 nis
828 1033 910 1097 de
958 1033 1268 1113 Hwnyad
1315 1033 1571 1097 comitis
1618 1031 2071 1112 Bystriciensis
2104 1032 2449 1096 familiares
2497 1035 2699 1098 modo
2741 1036 2925 1098 simili

679 1159 763 1205 ex
810 1141 1277 1204 commissione
1324 1147 1389 1204 et
1432 1140 1770 1203 voluntate
1818 1140 2176 1203 eorundem
2224 1141 2641 1205 dominorum
2688 1143 2927 1205 scilicet

679 1266 974 1326 suorum,
1042 1248 1502 1311 nonnullarum
1566 1247 1986 1327 piscinarum,
2068 1255 2423 1328 pratorum,
2489 1249 2798 1313 silvarum
2864 1255 2931 1312 et

679 1364 1000 1418 certarum
1065 1362 1378 1418 terrarum
1444 1354 1783 1417 arabilium
1848 1355 2200 1435 particulas
2262 1373 2343 1417 ac
2406 1355 2741 1435 quoddam
2786 1359 2929 1420 teri-

677 1463 916 1526 torium
949 1462 1289 1525 vinearum
1324 1462 1487 1524 intra
1517 1478 1707 1524 veras
1756 1468 1968 1524 metas
2013 1461 2181 1525 dicte
2227 1448 2668 1543 possessionis
2701 1481 2928 1527 eorum

681 1568 905 1649 Lyzka
951 1589 991 1631 a
1035 1576 1217 1649 parte
1279 1570 1781 1647 possessionum
1828 1568 2138 1648 WyfaIW,
2206 1568 2371 1632 Sara
2426 1578 2491 1633 et
2536 1570 2711 1651 Wyz
2755 1572 2931 1634 adia-

681 1685 938 1740 centem
1003 1677 1224 1740 minus
1288 1678 1458 1740 iuste
1505 1683 1569 1740 et
1622 1677 1877 1756 absque
1942 1677 2119 1740 omni
2150 1679 2311 1757 ‘lege
2356 1687 2816 1759 occupassent,
2865 1687 2933 1743 et

680 1792 1040 1866 occupatas
1086 1784 1170 1847 ad
1218 1784 1456 1847 dictam
1504 1785 1994 1864 possessionem
2042 1801 2272 1848 eorum
2302 1784 2595 1865 Wyfalw
2624 1793 2929 1849 vocatam

680 1893 1123 1955 annexissent.
1173 1890 1478 1955 Ceterum
1525 1892 1817 1972 prelibati
1865 1892 2209 1956 Ladislaus
2271 1911 2352 1955 ac
2413 1893 2692 1956 Michael
2756 1894 2935 1957 filius

680 2001 997 2078 eiusdem,
1075 2017 1331 2064 necnon
1409 2000 1654 2063 Paulus
1719 2008 1783 2063 et
1849 2000 2171 2081 Georgius
2225 2000 2574 2065 familiares
2636 2001 2934 2066 videlicet

680 2109 1153 2172 antedictorum
1185 2108 1439 2189 despoti
1472 2116 1537 2171 et
1565 2108 1886 2172 Johannis
1914 2108 2189 2186 comitiS‚
2239 2126 2322 2171 ex
2360 2109 2824 2173 commissione
2866 2118 2936 2173 et

679 2219 1013 2280 voluntate
1080 2217 1438 2280 eorundem
1494 2215 1909 2280 dominorum
1975 2234 2250 2279 suorum
2314 2235 2394 2279 ac
2460 2218 2758 2298 egregius
2811 2216 2931 2282 Sil-

641 2323 650 2334 “
681 2331 897 2387 vester
922 2326 1004 2388 de
1027 2324 1298 2387 Thorna
1329 2331 1393 2386 et
1425 2322 1804 2403 Stephanus
1828 2323 1999 2386 filius
2024 2324 2321 2387 eiusdem
2354 2325 2523 2387 circa
2540 2332 2933 2388 annotatum

681 2439 943 2513 tempus
989 2432 1189 2495 modo
1237 2431 1423 2494 simili
1471 2437 1716 2494 certam
1747 2433 2173 2510 quantitatem
2221 2433 2381 2494 silve
2416 2434 2931 2511 pretitulatorum

679 2539 1159 2620 querulantium
1229 2539 1644 2602 consimiliter
1719 2539 1885 2601 intra
1957 2545 2169 2602 metas
2244 2538 2412 2602 dicte
2488 2540 2933 2620 possessionis

679 2665 907 2711 eorum
974 2647 1200 2727 Lyzka
1265 2664 1468 2728 penes
1533 2647 1805 2709 fluvium
1862 2647 2123 2727 Bodrog
2168 2656 2477 2710 vocatum
2525 2666 2609 2711 ex
2655 2657 2931 2728 utraque

680 2764 862 2837 parte
895 2755 1188 2818 eiusdem
1222 2755 1396 2817 fluvii
1430 2756 1806 2834 adiacentiS‚
1855 2773 1933 2817 ac
1976 2756 2309 2834 quandam
2354 2757 2733 2837 particulam
2765 2763 2933 2819 terre

679 2863 937 2926 arabilis
970 2864 1330 2925 eorundem
1376 2864 1844 2943 exponentium
1892 2879 2095 2943 penes
2142 2862 2381 2926 dictam
2415 2864 2646 2926 silvam
2675 2881 2717 2924 a
2746 2871 2931 2944 parte

679 2970 1080 3034 meridionali
1146 2971 1533 3033 existentem
1597 2970 1661 3031 vi
1725 2975 1790 3032 et
1852 2971 2281 3051 potentialiter
2343 2978 2805 3052 occupassent,
2865 2978 2932 3033 et

683 3087 1044 3160 occupatas
1090 3078 1174 3141 ad
1222 3078 1713 3159 possessionem
1745 3079 2036 3158 ipsorum
2078 3077 2257 3159 &gy
2287 3087 2591 3142 vocatam
2631 3079 2932 3141 annexis·

690 3193 854 3263 sent,
924 3187 1191 3249 demum
1238 3187 1588 3265 prelibatus
1643 3185 1952 3248 Silvester
1996 3203 2075 3248 ac
2122 3183 2499 3266 Stephanus
2546 3187 2717 3249 filius
2761 3187 2934 3249 eius-

680 3295 830 3357 dem
878 3295 1164 3358 similiter
1208 3295 1378 3356 circa
1422 3293 1783 3373 predictum
1829 3300 2112 3373 tempus,
2169 3294 2501 3373 quandam
2548 3294 2931 3374 particulam

678 3402 1100 3483 promontorii
1110 3402 1449 3464 vinearum
1469 3402 1789 3463 dictorum
1809 3400 2290 3480 querulantium
2309 3400 2670 3481 Elewhegh
2691 3401 2929 3480 vocati,

678 3510 962 3574 similiter
1026 3511 1190 3573 intra
1253 3517 1463 3572 metas
1527 3509 1850 3572 antedicte
1914 3510 2355 3589 possessionis
2421 3527 2648 3572 eorum
2705 3508 2931 3589 Lyzka

678 3618 1108 3694 adiacentem,
1176 3617 1282 3679 lite
1346 3617 1510 3680 inter
1564 3618 1746 3697 ipsos
1791 3617 2114 3697 pendente
2161 3635 2278 3697 pro
2327 3634 2399 3680 se
2444 3616 2603 3696 ipsis
2650 3616 2929 3679 indebite

679 3732 1142 3806 occupassent.
1211 3724 1467 3805 Quibus
1532 3725 1625 3787 sic
1691 3724 2031 3804 occupatis
2104 3725 2391 3804 prelibati
2466 3726 2786 3804 despotus
2848 3741 2931 3785 ac

678 3832 1015 3896 Johannes
1082 3849 1308 3894 comes
1374 3839 1437 3894 et
1500 3829 1808 3895 Silvester
1870 3838 2203 3894 uterentur
2256 3832 2450 3894 etiam
2497 3831 2579 3894 de
2625 3831 2931 3911 presenti,

676 3941 966 4022 potentia
1011 3958 1239 4003 eorum
1287 3940 1631 4002 mediante.
1681 3939 1750 4001 In
1801 3957 2075 4019 quarum
2123 3940 2468 4002 utilitatum
2516 3939 2930 4019 perceptione

677 4048 1110 4112 ducentorum
1143 4047 1536 4109 florenorum
1568 4048 1705 4109 auri
1756 4049 2044 4128 dampna
2091 4048 2411 4127 prelibatis
2448 4046 2932 4126 exponentibus

682 4163 1077 4236 rrogassent‚
1102 4156 1165 4217 in
1186 4155 1608 4235 preiudicium
1639 4156 1998 4217 eorundem
2032 4155 2498 4235 exponentium
2530 4154 2920 4234 dampnum-

679 4281 806 4342 que
852 4265 1041 4326 valde
1091 4262 1340 4343 ingens,
1409 4260 1620 4342 Super
1684 4280 1817 4342 quo
1886 4262 2169 4325 fidelitati
2230 4271 2444 4325 vestre
2508 4263 2925 4338 mandamuS‚

678 4379 1005 4450 quatenus
1043 4378 1334 4432 vestrum
1383 4371 1646 4433 mittatis
1694 4371 2029 4433 hominem
2077 4388 2195 4450 pro
2239 4370 2612 4433 testimonio
2660 4368 2926 4449 fidedig-

679 4497 858 4557 num,
909 4496 1042 4557 quo
1089 4488 1388 4558 presente
1437 4478 1747 4540 Nicolaus
1788 4478 2050 4558 Kornys
2096 4480 2177 4541 de
2226 4479 2509 4558 Hoghka
2540 4485 2655 4541 aut
2686 4478 2928 4539 Paulus

676 4586 756 4649 de
789 4586 1026 4665 Aboni,
1078 4603 1245 4648 neve
1274 4587 1662 4649 Ambrosius
1695 4588 1777 4649 de
1809 4586 2178 4665 Laztholcz,
2223 4588 2323 4650 sin
2374 4586 2672 4649 Andreas
2705 4584 2930 4647 Kakas
