3475 5200
1647 336 2108 391 -—152-

780 560 1011 634 gentes
1058 547 1427 616 conducere
1473 555 1558 616 ad
1605 556 1958 642 exercitum
2008 565 2235 620 contra
2280 556 2538 619 Turcos
2581 575 2733 619 curn
2768 557 3027 632 eisdem,

783 667 847 722 et
894 677 1047 723 ecce
1094 661 1225 723 iam
1273 663 1354 724 de
1402 661 1576 725 facto
1624 682 1860 727 sumus
1916 665 1979 726 in
2027 665 2134 726 via
2179 664 2264 725 ad
2309 665 2555 727 vadum
2602 665 2906 742 Danubii,
2952 665 3029 726 ad

783 768 1139 831 exercitum
1187 769 1403 849 ipsum
1452 771 1514 831 in
1564 771 1665 832 dei
1714 772 1978 834 nornine
2026 771 2392 851 profecturi.
2451 772 2789 852 Rogamus
2854 773 3033 851 igitur

782 875 1103 954 vobisque
1152 877 1415 939 firmiter
1459 880 1879 958 mandamus,
1927 887 2256 959 quatenus
2301 897 2459 941 mox
2505 880 2664 941 visis
2732 880 3031 960 presenti-

784 984 911 1046 bus
957 984 1012 1046 si
1058 986 1375 1064 pecunias
1422 1003 1537 1065 per
1580 1003 1704 1048 vos
1769 987 2018 1050 dicatas
2066 987 2319 1049 habetis
2375 987 2772 1063 recollectas,
2822 1004 3032 1066 perso-

784 1090 1010 1153 naliter
1074 1093 1265 1155 nobis
1321 1101 1686 1174 apportare,
1738 1095 1790 1156 si
1841 1112 1997 1156 vero
2063 1096 2360 1157 nondum
2426 1095 2636 1157 forent
2684 1096 3031 1170 recollecte‚

784 1205 1026 1261 extunc
1073 1199 1606 1262 festinantissime
1652 1201 1921 1264 easdem
1970 1203 2285 1282 pecunias
2330 1202 2714 1281 recolligatis
2748 1208 2812 1263 et
2838 1220 3033 1281 quan·

783 1305 997 1369 tocius
1043 1307 1233 1369 nobis
1279 1307 1604 1370 adducere
1652 1309 1865 1371 modis
1912 1310 2220 1372 omnibus
2267 1309 2574 1372 debeatis.
2632 1308 2773 1371 Nos
2819 1316 3032 1371 autem

786 1430 988 1494 prope
1036 1414 1361 1477 Cibinium
1411 1417 1736 1495 reperietis
1784 1421 1847 1479 et
1893 1435 2088 1479 secus
2135 1418 2519 1479 nullomodo
2570 1417 2783 1478 facere
2815 1433 3031 1497 presu-

786 1522 978 1584 matis
1043 1522 1107 1583 in
1173 1523 1521 1602 premissis,
1589 1524 1831 1586 Datum
1868 1517 1961 1587 'in
2026 1526 2178 1588 villa
2224 1524 2475 1604 Hegen,
2525 1524 2683 1587 seria
2749 1524 3035 1587 secunda

787 1629 1083 1709 proxima
1159 1637 1309 1692 ante
1386 1631 1626 1693 festum
1703 1633 2174 1713 assumptionis
2251 1633 2441 1695 beate
2517 1631 2718 1694 Marie
2781 1632 3038 1711 virginis

615 1825 720 1870 mn
788 1736 1090 1816 gloriose,
1138 1755 1314 1800 anno
1362 1737 1605 1801 domini
1653 1739 1753 1800 Μο
1816 1737 2073 1803 CCCC⁰
2131 1739 2281 1803 XL⁰
2328 1748 2584 1804 octav0.

563 1912 675 1955 aug.
707 1900 773 1943 ιι.
1011 1879 1256 1944 Kivit‘l:
1300 1880 1510 1944 Nobili
1558 1882 1734 1962 Pape
1780 1882 1863 1945 de
1910 1882 2256 1961 Florentia,
2325 1900 2500 1945 nunc
2548 1884 2613 1946 in
2662 1883 2835 1946 Dees
2892 1884 3037 1945 resi·

797 1988 991 2064 denti,
1040 1988 1305 2051 dicatori
1354 1998 1577 2052 nostro
1625 1990 1706 2052 de
1753 1990 2005 2053 Zolnok
2052 1991 2352 2068 interiori,
2403 1991 2591 2053 nobis
2638 1991 2889 2054 dilecto.

1010 2130 1231 2190 Eredeti‚
1268 2132 1436 2195 papir,
1475 2129 1704 2182 zarlatan
1743 2130 1925 2196 pecset
1962 2129 2437 2196 maradvanyaival.
2476 2132 2546 2183 M.
2586 2131 2650 2184 N.
2692 2132 2762 2182 M.
2804 2133 2860 2184 lt.

1789 2419 2065 2483 CCXXI.

1514 2600 1731 2677 Buda,
1780 2595 1978 2661 1443.
2028 2618 2171 2662 nov.
2222 2596 2323 2660 17.

798 2740 1014 2805 Szepesi
1053 2737 1242 2791 Laszlo
1281 2718 1655 2805 alkornianyzd
1692 2739 1752 2790 es
1792 2740 1951 2791 Szobi
2007 2738 2189 2799 JanOS,
2235 2739 2397 2790 budai
2436 2736 2759 2804 varnagyok,
2799 2739 3037 2803 Pozsony

797 2827 1010 2881 vairoscit
1045 2828 1331 2896 tudositjak
1370 2831 1616 2895 Hunyadi
1655 2828 1820 2880 Janos
1858 2828 2214 2894 vereseger613
2273 2830 2667 2894 egyszersmind
2706 2824 2853 2895 irjak‚
2900 2830 3036 2892 hogy

798 2920 1045 2985 Hunyadi
1101 2918 1509 2975 Brankovicsnal
1563 2919 1896 2971 tat-ttizkodik
1952 2918 2187 2970 Szendrc‘i
2236 2915 2485 2979 vai-aban,
2544 2933 2570 2968 s
2624 2919 2772 2984 hogy
2809 2915 2903 2984 par
2940 2932 3036 2981 nap

1597 3011 1775 3060 mulva
1812 3006 2016 3060 Badara
2053 3006 2246 3074 varjak.

1011 3137 1274 3201 Sincere
1322 3139 1771 3220 circumspecti
1819 3139 1933 3199 viri
1982 3138 2208 3200 fratres
2255 3145 2317 3200 et
2345 3138 2536 3200 amici
2565 3137 2764 3199 nostri
2798 3135 3039 3199 sincere

795 3247 1179 3309 honorandi.
1246 3246 1296 3307 F
1301 3245 1614 3308 idelitates
1679 3253 2041 3308 vestrarum
2106 3245 2574 3309 fraternitatum
2622 3263 2790 3324 quas
2836 3242 3040 3304 facitis

796 3361 858 3417 et
904 3370 1163 3433 semper
1209 3354 1451 3416 fecistis
1497 3353 1649 3416 huic
1696 3371 1898 3433 regno
1946 3372 2023 3416 ac
2071 3355 2337 3417 domino
2376 3360 2599 3415 nostro
2631 3351 3039 3433 gubernatori

795 3462 1139 3524 manifeste
1203 3462 1468 3529 scimus,
1519 3462 1696 3540 quod
1767 3461 1847 3523 de
1913 3462 2110 3524 huius
2166 3462 2343 3541 regni
2409 3468 2473 3524 et
2538 3462 2744 3540 ipsius
2800 3458 3041 3521 domini

795 3569 996 3631 nostri
1042 3570 1495 3647 gubernatoris
1542 3570 1730 3631 malis
1778 3569 2198 3632 successibus
2245 3586 2377 3630 non
2426 3568 2758 3630 modicum
2817 3565 3042 3627 amari-

795 3677 1037 3738 tudinis
1083 3677 1352 3738 calicem
1383 3677 1652 3740 bibistis.
1688 3675 1821 3739 Sed
1854 3683 2079 3738 contra
2108 3677 2209 3739 dei
2242 3679 2712 3757 volumptatem
2756 3675 3045 3736 humana

795 3785 955 3846 ratio
1004 3784 1297 3846 insistere
1345 3801 1476 3846 non
1509 3786 1721 3862 vallet,
1756 3799 1985 3844 verum
2019 3801 2303 3862 namque
2351 3781 2528 3862 quod
2570 3783 2708 3863 ipse
2741 3781 3046 3844 dominus

793 3891 1190 3973 gubernator
1237 3910 1386 3953 cum
1436 3892 1723 3971 potentia
1771 3892 1968 3952 huius
2015 3892 2193 3971 regni
2227 3909 2340 3970 per
2371 3891 2753 3954 sevissimos
2790 3888 3048 3951 Turcos

796 3999 1005 4062 crucis
1055 3999 1287 4063 Christi
1338 4006 1789 4078 persecutores
1837 3999 2065 4079 iugiter
2113 3999 2275 4060 foret
2320 3996 2618 4059 devictus
2665 4005 2729 4058 et
2773 4004 3049 4076 prostra-

795 4115 923 4183 tus,
971 4124 1054 4169 ex
1102 4107 1340 4186 quibus
1371 4106 1430 4169 T
1433 4108 1604 4169 urcis
1637 4106 2139 4169 innumerabiles
2188 4123 2301 4187 per
2347 4111 2608 4167 nostros
2640 4110 2792 4166 sunt
2824 4102 3051 4164 difiniti

795 4221 858 4276 et
905 4214 1232 4277 interfecti.
1300 4214 1432 4277 Sed
1499 4214 1838 4277 dominum
1906 4221 2204 4276 nostrum
2269 4214 2773 4292 gubernatorem
2829 4209 3052 4272 sciatis

795 4338 911 4401 pro
961 4328 1135 4383 certo
1183 4340 1332 4385 esse
1380 4323 1622 4401 vivum,
1675 4340 1827 4386 narn
1875 4322 1939 4384 in
1987 4328 2201 4384 castro
2249 4319 2604 4383 Senderew
2636 4337 2787 4381 cum
2828 4318 3051 4379 illustri

793 4428 1122 4507 dezpotho
1170 4430 1253 4491 ad
1303 4448 1572 4510 presens
1621 4430 1784 4492 foret
1832 4430 2247 4503 constitutuS,
2288 4436 2351 4489 et
2383 4445 2497 4507 per
2545 4444 2694 4489 eum
2729 4426 2811 4487 ibi
2847 4425 3054 4486 hono-

794 4536 968 4598 rifice
1016 4544 1342 4615 tractatur,
1394 4545 1541 4618 post
1589 4556 1840 4618 paucos
1887 4546 2107 4600 autem
2143 4537 2282 4599 dies
2315 4536 2649 4597 verissime
2684 4536 2747 4597 in
2781 4532 3053 4595 Temes-
