3475 5200
1705 339 2099 396 —118—

779 556 1016 640 Segnie
1085 556 1440 622 exercitum
1502 576 1702 623 suum
1765 577 2057 622 unacum
2121 561 2409 626 exercitu
2470 562 2696 644 prefati
2761 562 3033 645 Stepani

778 664 1036 748 nepotis
1081 665 1370 744 Zandaly
1416 661 1531 745 [in]
1566 666 1683 741 ‚sui
1722 683 2114 730 succursum
2146 676 2220 732 ut
2249 668 2647 750 prediximus
2678 672 3028 738 advocato

781 772 900 855 ipsi
946 772 1284 837 Mathkoni
1320 772 1498 836 bano
1545 779 1610 836 et
1641 791 1767 862 suo
1813 774 2118 838 exercitui
2156 777 2419 839 obviam
2466 777 2714 840 eisdem
2744 779 3036 843 volendo

779 881 1075 944 resistere
1122 898 1355 944 versus
1400 881 1617 961 ipsum
1665 888 1952 944 castrum
1986 882 2270 947 celeriter
2300 886 2729 949 transmittere
2761 888 3035 964 curavit,

780 988 961 1069 quod
1005 986 1144 1069 ipse
1189 987 1373 1050 Math
1420 1036 1836 1054 .......
1886 991 2290 1071 presentiens
2356 1009 2513 1054 mox
2570 1011 2877 1073 magnam
2927 996 3032 1058 sui

781 1095 1104 1160 exercitus
1147 1102 1398 1176 partem
1444 1113 1677 1160 versus
1723 1096 1941 1177 ipsum
1971 1105 2259 1161 castrum
2287 1098 2447 1178 ΖῩη,
2479 1101 2564 1162 ad
2597 1101 3033 1165 resistendum

782 1201 955 1266 dicto
991 1203 1295 1265 exercitui
1327 1202 1534 1282 ipsius
1562 1203 1882 1268 Johannis
1911 1206 2164 1270 comitis
2212 1205 2450 1287 Segnie
2482 1208 2767 1288 premisit
2797 1210 3037 1289 pariter

784 1317 848 1372 et
891 1310 1255 1400 destinavit,
1302 1310 1414 1373 ubi
1459 1317 1688 1389 gentes
1734 1312 1940 1393 ipsius
1985 1312 2361 1376 Mathkonis
2394 1314 2543 1377 bani
2574 1324 2827 1397 reperto
2856 1315 3036 1380 dicto

781 1416 1074 1497 ipsorum
1138 1424 1512 1482 nostrorum
1577 1418 1933 1483 infidelium
1999 1422 2304 1498 exercitu,
2372 1422 2643 1486 eosdem
2708 1441 2861 1486 cum
2927 1424 3033 1486 dei

783 1524 1102 1589 adiutorio
1165 1526 1328 1588 trina
1395 1526 1704 1590 bellicosa
1788 1527 2252 1608 congressione
2318 1545 2471 1593 cum
2540 1531 2786 1596 eisdem
2856 1531 3035 1607 inita,

783 1649 1044 1712 semper
1088 1631 1348 1713 penitus
1394 1639 1458 1695 et
1507 1682 1521 1696 .
1573 1683 1591 1699 .
1641 1684 1655 1697 .
1711 1684 1721 1694 .
1775 1635 1900 1697 deb
1952 1684 1965 1697 .
2017 1683 2032 1699 .
2084 1684 2098 1698 .
2152 1684 2165 1698 .
2216 1643 2282 1699 et
2327 1654 2485 1700 mox
2517 1644 2682 1718 ,post
2737 1639 3033 1729 ultimam

784 1741 1317 1820 congressionem
1342 1748 1406 1803 et
1425 1741 1758 1805 victoriam
1786 1741 2021 1812 exinde
2052 1751 2466 1824 reportatam,
2501 1746 2715 1826 ipsum
2744 1754 3034 1809 castrum

782 1845 922 1928 Zyn
968 1848 1367 1911 obsederunt
1432 1856 1978 1930 expugnaturum.
2041 1850 2472 1931 Tandemque
2537 1855 3035 1932 superveniente

784 1952 932 2035 ipso
975 1953 1334 2019 Mathkone
1384 1956 1559 2018 bano
1607 1974 1760 2020 cum
1806 1958 2053 2036 reliquo
2090 1975 2216 2020 suo
2246 1958 2552 2036 exercitu,
2585 1976 2848 2033 necnon
2880 1979 3033 2024 cum

785 2060 1056 2125 diversis
1100 2062 1372 2142 ingeniis
1404 2071 1470 2126 et
1498 2064 1875 2127 bombardis
1906 2065 1993 2127 ad
2025 2066 2578 2146 expugnationem
2608 2067 2813 2147 ipsius
2841 2069 3033 2130 castri

785 2170 1186 2248 necessariis,
1257 2171 1429 2233 idem
1500 2179 1787 2234 castrum
1858 2170 2099 2235 fortiter
2167 2178 2299 2235 tarn
2373 2190 2488 2254 per
2551 2173 2695 2254 ipsa
2758 2174 3062 2255 ingenia,.

786 2293 984 2356 quam
1032 2278 1406 2340 manualem
1452 2294 1745 2357 pugnam
1792 2296 1908 2358 per
1951 2281 2194 2343 multos
2252 2280 2392 2343 dies
2442 2325 2457 2340 .
2508 2328 2523 2343 .
2575 2329 2587 2341 .
2635 2298 3033 2362 expugnare,

785 2382 850 2444 in
899 2384 1352 2464 cuiusquidem
1418 2386 1609 2448 castri
1676 2385 1925 2448 diutina
1990 2387 2327 2451 obsidione
2374 2394 2635 2468 propter
2679 2389 3033 2452 maximam

786 2488 937 2553 inibi
982 2491 1356 2553 victualium
1403 2492 1775 2569 carentiam,
1824 2499 1889 2555 et
1935 2501 2110 2555 certa
2155 2494 2280 2556 alia
2325 2494 2686 2572 obstacula,
2754 2512 2836 2556 ex
2902 2513 3035 2577 quo

788 2598 926 2678 ipse
990 2595 1262 2661 Mathko
1321 2600 1538 2662 banus
1603 2617 1800 2663 suum
1868 2602 2221 2664 exercitum
2292 2610 2510 2665 tenere
2580 2621 2712 2666 non
2782 2611 3036 2685 poterat

788 2721 1062 2767 necesse
1108 2705 1246 2782 fuit,
1296 2712 1369 2768 ut
1413 2722 1486 2768 se
1533 2724 1822 2770 unacum
1871 2708 2121 2788 prefato
2176 2708 2364 2772 Petro
2413 2709 2607 2787 ban0,
2654 2710 2847 2773 fratre
2910 2728 3035 2773 suo

787 2811 873 2873 ab
921 2811 1213 2875 eiusdem
1260 2813 1599 2877 obsidione
1644 2816 2045 2878 removendo
2066 2817 2178 2879 ·ad
2223 2816 2757 2897 prosequendum
2820 2817 3034 2898 ipsum

789 2910 1047 2982 hostem
1094 2925 1390 2983 nostrum
1437 2929 1501 2984 et
1546 2923 1667 2985 sibi
1713 2922 2156 3002 adherentem,
2205 2941 2357 2985 cum
2403 2924 2548 3004 ipso
2595 2942 2722 2987 suo
2749 2924 3035 2987 exercitu

787 3025 1038 3112 rediret,
1103 3045 1299 3108 quem
1364 3036 1501 3092 tam
1565 3035 1807 3092 extunc
1873 3047 2070 3109 quam
2136 3036 2374 3110 expost
2436 3031 2846 3112 congregatis
2916 3031 3033 3094 sibi

790 3133 979 3196 novis
1028 3143 1092 3198 et
1127 3137 1495 3200 recentibus
1520 3138 1826 3217 gentibus
1851 3137 2367 3211 exercitualibuS‚
2397 3138 2756 3219 locatisque
2788 3138 3031 3201 eisdem

788 3239 852 3301 in
900 3242 1171 3306 diversis
1235 3245 1463 3306 castris
1507 3262 1622 3324 per
1666 3245 1883 3325 ipsum
1947 3243 2374 3307 Mathkonem
2440 3246 2686 3309 banum
2732 3244 3032 3326 obtentis,

788 3348 957 3411 adeo
1021 3356 1407 3429 persecutus
1471 3350 1692 3430 extitit,
1761 3353 1985 3431 sicque
2041 3353 2183 3415 eius
2228 3351 2629 3425 ferocitatem
2685 3353 3031 3417 edomavit,

789 3462 859 3518 ut
905 3456 1078 3520 idem
1125 3475 1350 3520 comes
1395 3458 1732 3521 Johannes
1779 3459 1900 3520 nisi
1933 3465 2141 3523 morte
2186 3467 2544 3541 preventus
2574 3460 2833 3543 suisset,
2876 3468 3031 3523 tem-

789 3563 989 3642 porali
1035 3566 1456 3645 personaliter
1499 3565 1585 3627 ad
1618 3565 2067 3646 inquirendam
2098 3575 2318 3630 nostre
2348 3548 2707 3645 maiestatis
2738 3567 3028 3647 gratiam,

788 3669 958 3746 velit,
1023 3670 1199 3749 nolit,
1265 3672 1480 3734 venire
1547 3672 1902 3751 debuisset,
1970 3673 2328 3754 Dwymum
2395 3692 2659 3755 quoque
2708 3676 3029 3737 carnalem

787 3776 1051 3840 fratrem
1113 3778 1317 3859 ipsius
1379 3779 1698 3843 Johannis
1765 3780 2016 3844 comitis
2080 3782 2221 3845 eius
2287 3790 2535 3862 partem
2592 3789 2921 3845 tenentem
2970 3788 3033 3844 et

790 3886 1199 3948 consimiliter
1263 3894 1488 3978 contra
1551 3894 1843 3950 nostram
1908 3888 2315 3964 nmiestatem
2383 3890 2799 3952 rebellantem
2868 3889 3032 3951 initis
3092 3960 3097 3966 ,

790 4010 943 4055 cum
990 3993 1225 4056 eodem
1271 4000 1335 4057 et
1379 3994 1519 4058 suis
1562 3995 1869 4075 gentibus
1914 3996 2157 4058 bellicis
2202 3998 2684 4087 congressibus,
2757 4014 3032 4077 sepenu-

791 4118 971 4164 mero
1018 4101 1379 4180 debellavit,
1419 4108 1491 4164 et
1537 4102 1630 4164 sic
1676 4119 1792 4183 per
1836 4109 1973 4165 tota
2020 4104 2244 4167 estatis
2310 4112 2374 4187 et
2436 4105 2649 4184 yemis
2715 4112 3029 4185 tempora,

788 4209 928 4288 ipse
975 4209 1245 4272 Mathko
1290 4210 1507 4272 banus
1552 4227 1841 4272 unacum
1889 4209 2027 4291 ipse
2076 4211 2263 4274 Petro
2310 4212 2483 4275 bano
2547 4211 2743 4274 fratre
2798 4228 2924 4274 suo
2968 4217 3030 4273 et

789 4315 1081 4395 ipsorum
1116 4316 1421 4397 gentibus
1441 4335 1748 4398 campum
1772 4319 2145 4382 tenentibus
2169 4320 2492 4382 maximos
2523 4326 2729 4398 estus,
2762 4321 3028 4398 caloreS,

792 4421 1046 4503 frigora,
1093 4415 1537 4505 tempestateS,
1585 4425 2098 4508 famemquoque
2146 4434 2209 4490 et
2241 4429 2437 4491 situm
2470 4428 2827 4490 immensas
2872 4430 3031 4492 inter

790 4531 1081 4611 aliasque
1112 4534 1417 4612 penurias
1462 4540 1527 4595 et
1574 4533 2038 4614 tribulationeS,
2072 4535 2408 4615 copiosam
2441 4550 2714 4599 suorum
2753 4537 3027 4618 sangwi-
