3475 5200
1494 353 1869 407 —133—

569 571 842 635 ficantes
889 573 1129 653 quibus
1173 572 1435 652 expedit
1481 573 1820 650 universiS,
1870 575 2047 653 quod
2097 593 2219 638 nos
2267 575 2584 639 habentes
2642 577 2814 639 debi-

571 687 708 741 tum
757 687 1128 760 respectum
1176 680 1260 741 ad
1308 685 1492 759 grata
1549 679 1741 744 nobis
1789 688 1853 743 et
1907 691 2178 761 accepta
2235 682 2445 744 fidelia
2500 683 2816 762 obsequia

572 805 648 849 ac
704 787 992 849 fidelium
1057 788 1464 850 servitiorum
1531 788 1755 850 merita
1824 789 2242 868 sincerasque
2309 791 2816 870 complacentias

573 894 775 957 fidelis
823 895 1024 957 nostri
1073 895 1320 958 sincere
1367 895 1576 958 dilecti
1623 896 1953 975 magnifici
2003 896 2277 959 Ladislai
2326 898 2405 959 de
2453 897 2628 959 Gara
2666 898 2815 960 bani

573 1003 772 1064 nostri
818 1001 1304 1064 Machoviensis
1337 1002 1445 1065 filii
1485 1003 1727 1065 scilicet
1763 1004 2046 1065 condam
2086 1004 2410 1083 magnifici
2448 1004 2701 1066 Nicolai'
2735 1006 2847 1067 de·

571 1111 711 1190 ipsa
758 1109 951 1188 Gara,
1000 1109 1152 1172 olim
1201 1110 1406 1189 ipsius
1445 1110 1623 1190 regni
1664 1110 1867 1172 nostri
1907 1109 2239 1189 Hungarie
2276 1112 2555 1191 palatini,
2599 1112 2816 1173 affinis

573 1218 770 1279 nostri
820 1235 902 1279 ex
951 1217 1234 1279 condam
1293 1225 1525 1297 utputa
1581 1217 1932 1297 magnifica
1987 1219 2251 1280 domina
2302 1218 2568 1281 domina
2625 1221 2817 1281 Anna

572 1324 699 1385 filia
745 1324 895 1386 olim
951 1324 1316 1403 spectabilis
1363 1331 1427 1387 et
1475 1324 1800 1404 magnifici
1858 1324 2167 1387 Hermani
2225 1325 2380 1388 Cilie
2435 1334 2499 1389 et
2545 1326 2815 1406 Zagorie

575 1431 847 1508 comitis,
895 1437 1238 1493 matertera
1275 1431 1688 1494 serenissime
1728 1431 1991 1494 domine
2028 1431 2368 1495 Elizabeth
2406 1434 2625 1513 regine
2664 1450 2815 1496 con-

575 1539 838 1602 thoralis
873 1546 1094 1602 nostre
1127 1539 1457 1602 carissime
1480 1539 1818 1619 progeniti,
1841 1558 1971 1618 que
2002 1539 2173 1602 idem
2205 1539 2548 1604 Ladislaus
2581 1542 2814 1617 banus,

573 1648 849 1726 primum
886 1646 1169 1708 condam
1209 1647 1752 1709 excellentissimo
1790 1647 2055 1727 principi
2093 1647 2358 1710 domino
2398 1646 2816 1727 Sigismundo

573 1754 934 1834 imperatori
983 1759 1046 1815 et
1093 1754 1246 1833 regi,
1287 1755 1446 1833 patri
1485 1762 1549 1817 et
1591 1771 1822 1817 socero
1870 1763 2094 1818 nostro
2141 1755 2477 1817 carissimo
2523 1755 2817 1818 tandem-

573 1879 700 1941 que
747 1879 849 1938 eo,
900 1862 1068 1923 sicut
1124 1861 1249 1923 deo
1297 1857 1548 1941 ‘placuit
1600 1862 1686 1924 ab
1744 1861 1872 1924 hoc
1928 1863 2152 1925 seculo
2209 1863 2468 1925 sublato
2516 1869 2580 1925 et
2627 1862 2816 1925 nobis

573 1970 788 2032 divina
834 1971 1092 2031 volente
1139 1970 1480 2031 clementia
1532 1969 1650 2032 sibi
1699 1970 1762 2032 in
1812 1969 2097 2049 regimen
2146 1987 2495 2050 regnorum
2542 1986 2815 2032 suorum

573 2077 1006 2157 predictorum
1065 2076 1327 2140 feliciter
1382 2077 1886 2139 succedentibus
1943 2077 2137 2140 etiam
2190 2084 2413 2140 nostre
2461 2077 2816 2139 maiestatis

573 2186 730 2246 locis
761 2184 992 2248 debitis
1020 2190 1085 2247 et
1114 2185 1516 2264 temporibus
1558 2185 1963 2264 opportuniS,
1994 2203 2127 2247 non
2169 2184 2498 2264 parcendo
2536 2202 2816 2263 persone

575 2300 767 2372 atque
815 2293 1012 2354 rebus
1060 2292 1218 2370 suiS,
1259 2309 1390 2354 non
1428 2292 1567 2354 sine
1612 2292 1957 2372 grandium
2006 2309 2278 2355 suorum
2328 2297 2714 2371 sumptuum
2754 2298 2818 2352 et

572 2417 1007 2480 expensarum
1036 2400 1395 2479 pluralitate
1426 2399 1828 2462 laudabiliter
1855 2399 2142 2461 exhibuit
2175 2407 2240 2461 et
2272 2399 2602 2478 impendit,
2629 2398 2814 2461 sicuti

573 2507 693 2570 hiis
737 2508 1028 2587 pensatis
1060 2507 1156 2568 sic
1187 2524 1321 2569 non
1367 2507 1603 2585 minue,
1641 2524 1870 2586 ymmo
1917 2506 2220 2587 precipue
2258 2523 2338 2568 eo
2377 2505 2520 2570 viso
2558 2512 2621 2568 et
2664 2523 2815 2567 con-

499 2683 510 2693 ,
575 2615 875 2695 siderato,
916 2616 1095 2695 quod
1142 2622 1430 2677 castrum
1469 2616 1727 2678 abbatie
1767 2617 1846 2678 de
1886 2614 2404 2694 Waradinopetri
2445 2631 2577 2676 non
2622 2615 2815 2693 longe

573 2742 613 2785 a
667 2724 967 2786 confiniis
1024 2725 1301 2803 partium
1359 2723 1730 2786 inferiorum
1789 2725 1967 2804 regni
2022 2723 2247 2801 nostri,
2323 2739 2551 2802 ymmo
2615 2739 2814 2801 prope

574 2831 715 2910 ipsa
746 2831 1033 2893 confinia
1063 2833 1190 2893 iam
1217 2831 1381 2911 proh
1416 2832 1599 2893 dolor
1618 2831 1975 2894 sevissimis
1997 2831 2229 2895 Turcis
2258 2838 2324 2893 et
2353 2847 2555 2910 regno
2586 2828 2815 2890 Raseie

571 2939 803 3017 vicina,
852 2939 1142 3018 aliosque
1190 2940 1446 3002 emulos
1493 2939 1790 3001 eiusdem
1838 2938 2015 3017 regni
2064 2940 2264 3000 nostri
2304 2939 2501 3001 situm
2539 2943 2602 2999 et
2639 2936 2817 2997 habi-

573 3054 734 3125 tum,
782 3046 959 3126 quod
1009 3047 1071 3108 in
1118 3049 1246 3107 hoc
1294 3053 1517 3108 nostro
1564 3063 1919 3125 progressu
1965 3046 2273 3108 intrantes
2310 3045 2716 3106 visitavimus
2755 3052 2817 3105 et

574 3154 1041 3234 conspeximus
1100 3153 1228 3215 fide
1286 3155 1566 3230 oculata,
1624 3155 1794 3215 male
1852 3152 1971 3214 suit
2026 3154 2463 3231 gubernatum
2521 3159 2585 3214 et
2640 3168 2815 3212 nunc

573 3261 987 3338 gubernatur,
1038 3260 1100 3322 in
1150 3261 1418 3339 suisque
1477 3260 1744 3322 edificiis
1801 3266 1902 3323 est
1957 3261 2295 3323 ruinosum
2354 3267 2415 3322 et
2466 3303 2811 3320 ......

573 3367 811 3447 indiget
858 3366 1313 3444 reformationi,
1364 3367 1979 3447 formidandumque
2027 3376 2090 3430 et
2138 3385 2251 3447 per
2297 3367 2597 3443 maxime,
2636 3364 2815 3443 quod

576 3475 628 3536 si
675 3475 891 3554 ipsum
939 3483 1226 3536 castrum
1275 3474 1360 3536 ad
1407 3492 1646 3536 manus
1693 3477 2061 3538 emulorum
2109 3483 2479 3538 nostrorum
2531 3478 2595 3536 et
2638 3471 2814 3551 regni

576 3583 773 3644 nostri
808 3583 1109 3644 devenire
1144 3584 1559 3661 contingeret,
1610 3583 1829 3662 utique
1876 3583 1941 3645 in
1988 3583 2347 3645 maximum
2388 3581 2592 3661 ipsius
2639 3580 2817 3658 regni

578 3690 774 3752 nostri
813 3696 878 3752 et
914 3690 1384 3769 regnicolarum
1433 3697 1804 3752 nostrorum
1851 3691 2208 3769 periculum
2247 3688 2654 3764 redundaret,
2689 3703 2816 3765 que

575 3796 811 3859 evitare
878 3798 1194 3875 volenteS,
1253 3798 1421 3859 idem
1490 3804 1777 3859 castrum
1835 3798 1914 3858 de
1972 3796 2493 3875 Waradinopetri
2559 3811 2815 3857 necnon

576 3906 1062 3985 i‘uspatronatus
1107 3911 1329 3967 nostre
1386 3905 1763 3981 maiestatis,
1813 3904 1990 3984 quod
2038 3905 2101 3966 in
2149 3904 2411 3966 abbatia
2457 3902 2537 3964 de
2585 3901 2814 3963 eadem

576 4020 910 4092 tamquam
969 4030 1080 4074 rex
1137 4012 1467 4092 Hungarie
1525 4021 1588 4074 et
1643 4029 1839 4075 verus
1896 4018 2210 4091 patronus
2266 4010 2560 4073 omnium
2616 4009 2817 4070 eccle-

577 4120 820 4182 siarum
863 4120 1068 4199 ipsius
1116 4122 1292 4200 regni
1339 4121 1672 4199 Hungarie
1717 4120 1956 4182 habere
1999 4119 2414 4195 dinoscimur,
2456 4122 2817 4179 memorato

576 4226 876 4289 Ladislao
924 4227 1006 4289 de
1054 4228 1246 4305 Gara,
1297 4229 1470 4290 bano
1520 4228 1965 4289 Machoviensi
2006 4237 2069 4289 et
2108 4227 2245 4288 suis
2292 4226 2642 4287 heredibus
2682 4216 2841 4287 iure'

575 4343 886 4415 perpetuo
907 4336 1483 4398 etirrevocabiliter
1515 4336 1894 4397 habendum
1914 4342 1977 4396 et
2002 4334 2476 4415 possidendum
2509 4333 2817 4395 duximus

576 4443 1068 4519 conferendum,
1123 4461 1352 4523 ymmo
1410 4444 1666 4519 damuS,
1725 4443 2056 4504 donamus
2114 4433 2182 4503 et*
2233 4440 2651 4515 conserimuS,
2711 4439 2816 4500 tali

578 4551 868 4613 videlicet
916 4551 1040 4612 sub
1090 4550 1479 4627 conditione,
1530 4551 1705 4629 quod
1755 4549 1895 4628 ipse
1944 4548 2284 4610 Ladislaus
2341 4550 2556 4609 banus
2605 4555 2667 4608 et
2715 4547 2813 4608 sui
