3475 5200
1400 403 1789 456 -115—

471 636 728 682 morum
756 621 1070 700 gravitate
1122 669 1135 682 .
1189 670 1203 684 .
1255 665 1268 678 .
1323 671 1337 685 .
1386 621 1692 686 afficienti
1724 630 1990 703 sumpto
2023 624 2465 704 experimento
2494 632 2718 689 nostra

468 726 558 788 ad
631 728 896 808 plenum
974 728 1241 791 conscia
1316 728 1527 792 fuerat
1601 730 1937 808 serenita5‚
2004 748 2292 793 unacum
2370 732 2719 814 magnifico

473 835 725 915 Caspar
769 827 948 916 Sligk
994 853 1306 916 supremo
1351 825 1698 917 imperialis
1745 845 1965 901 nostre
2022 838 2380 901 maiestatis
2443 836 2721 917 c[ancel·

467 938 652 1020 lario]
705 987 988 1006 .....
1037 962 1072 1006 s
1118 944 1598 1025 sollempnique·
1656 945 2021 1008 ambasiata
2084 945 2169 1007 ad
2233 947 2721 1010 sanctissimum

470 1048 814 1111 dominum
884 1058 1181 1113 nostrum
1250 1050 1592 1114 dominum
1663 1050 2035 1132 Eugenium
2104 1069 2344 1133 papam
2415 1061 2720 1133 quartum

464 1154 782 1219 duximus
817 1157 1409 1236 transmittendum,
1458 1160 1566 1238 qui
1598 1159 1798 1221 veluti
1837 1167 2057 1222 nostre
2090 1160 2398 1223 conscius
2430 1178 2517 1224 vo
2567 1205 2580 1218 .
2632 1204 2647 1219 .
2702 1210 2717 1226 .

465 1261 693 1326 habito
726 1265 803 1326 'et
849 1266 1105 1345 expleto
1153 1267 1214 1328 in
1263 1266 1589 1345 presentia
1634 1265 1931 1329 eiusdem
1998 1267 2238 1330 domini
2297 1269 2496 1330 nostri
2552 1285 2721 1349 pape

467 1369 847 1434 huiusmodi
914 1389 1034 1435 sue
1099 1372 1437 1452 legationis
1501 1372 1720 1436 officio
1768 1373 1975 1436 taliter
2020 1390 2174 1454 erga
2232 1373 2449 1453 ipsum
2515 1374 2720 1438 domi-

469 1496 634 1541 num
680 1486 978 1543 nostrum
1026 1499 1266 1561 papam
1313 1498 1437 1543 sua
1483 1482 1704 1561 sagaci
1756 1526 2174 1545 .......
2225 1481 2327 1544 itis
2372 1489 2437 1546 et
2493 1482 2721 1563 sopitis

467 1587 781 1651 omnibus
826 1587 1199 1652 differentiis
1245 1588 1408 1651 inter
1453 1589 1735 1652 eundem
1778 1589 2118 1652 dominum
2153 1596 2451 1652 nostrum
2481 1607 2722 1671 papam

466 1698 540 1756 et
569 1701 862 1758 nostram
895 1694 1303 1759 maiestatem
1335 1695 1573 1758 habitis
1605 1696 1783 1777 apud
1818 1695 2124 1774 eundem,
2173 1697 2317 1776 ipso
2363 1695 2723 1760 Mathkone

473 1801 652 1866 bano
700 1851 716 1867 .
770 1851 782 1865 .
836 1851 850 1866 .
905 1853 917 1865 .
971 1852 982 1865 .
1031 1803 1211 1866 aliter
1256 1820 1491 1867 sumus
1541 1804 1900 1880 consecuti,
1949 1804 2175 1882 sicque
2231 1802 2405 1866 idern
2450 1803 2724 1868 Mathko

470 1911 691 1973 banus
753 1912 1090 1974 viceversa
1151 1912 1238 1974 ad
1304 1920 1597 1975 nostram
1662 1912 2090 1989 maiestatem,
2159 1912 2377 1992 ipsum
2439 1912 2506 1974 in
2552 1912 2723 1974 dicta

471 2017 731 2080 civitate
787 2016 1110 2081 Senarum
1158 2037 1422 2082 summo
1478 2018 1800 2083 desiderio
1853 2062 2199 2083 ......
2252 2019 2550 2081 emeavit.
2619 2019 2723 2082 Ab

472 2122 619 2205 ipsa
663 2125 942 2204 denique
988 2133 1215 2190 nostro
1261 2127 1568 2206 imperiali
1616 2125 1871 2205 civitate
1918 2124 2241 2190 Senatum
2281 2125 2471 2188 nobis
2502 2143 2722 2206 perso·

471 2223 701 2294 naliter
763 2232 1028 2296 domino
1093 2234 1503 2297 conducente
1566 2233 1795 2296 urbem
1866 2231 2229 2295 Romanam
2304 2231 2722 2312 adeuntibus,

470 2338 859 2419 tertiamque
909 2385 1176 2402 .....
1222 2341 1322 2403 les
1367 2357 1404 2402 e
1461 2340 1764 2402 manibus
1829 2338 2148 2420 prenotati
2213 2338 2457 2402 domini
2522 2340 2724 2403 nostri

414 2528 419 2532 ²
473 2462 644 2526 pape
710 2447 1043 2509 consuetis
1108 2447 1670 2524 ceremonialibus‚
1737 2445 2323 2526 sollempnitatibus
2370 2447 2728 2512 eminenter

475 2553 825 2633 prehabitis
890 2553 1395 2636 suscipientibus
1460 2553 1605 2617 dicti
1673 2552 1944 2618 Mathko
1990 2555 2078 2616 ba
2124 2599 2466 2619 ......
2534 2552 2726 2619 nobis

469 2661 874 2724 laudabiliter
905 2662 1188 2724 exhibita
1219 2661 1539 2741 obsequia
1567 2661 1848 2742 gratuito
1881 2661 2386 2725 continuationis
2409 2677 2729 2725 successu

471 2768 803 2849 adaugere
836 2771 1094 2832 volente
1126 2786 1385 2848 semper
1416 2777 1480 2831 et
1511 2769 1753 2848 ubique
1786 2768 1977 2831 nobis
2011 2768 2390 2832 fidelissima
2421 2817 2434 2831 .
2478 2813 2492 2829 .
2543 2816 2559 2833 .
2612 2816 2627 2831 .
2659 2786 2729 2831 m

477 2877 764 2955 preclare
795 2876 1117 2940 fidelitatis
1149 2877 1518 2939 constantia
1549 2883 1612 2939 et
1639 2877 1881 2940 amoris
1915 2877 2260 2940 recolenda
2295 2876 2728 2954 vehementia,

473 2983 794 3046 celebrius
859 2984 1072 3047 extolli
1127 2984 1441 3062 videatur,
1491 3002 1572 3046 ea
1616 3002 1700 3046 ex
1746 3001 1926 3046 nunc
1990 3000 2409 3063 summopere
2476 2982 2728 3046 remini-

473 3090 729 3152 scentia
776 3139 788 3152 .
843 3140 857 3153 .
910 3137 923 3150 .
978 3141 990 3154 .
1041 3075 1237 3154 Porro
1284 3092 1610 3171 susceptis
1654 3092 1935 3172 gloriose
1981 3089 2303 3153 talismodi
2361 3089 2621 3153 coronis
2665 3095 2731 3152 et

479 3195 693 3260 infulis
738 3198 1197 3278 imperialibus,
1247 3199 1566 3278 nobisque
1613 3216 1849 3261 versus
1898 3205 2113 3279 partes
2170 3197 2509 3261 Alamanie
2577 3245 2590 3258 .
2643 3243 2659 3260 .
2712 3244 2726 3260 .

477 3303 631 3366 inibi
679 3305 742 3367 in
791 3305 1013 3385 spiritu
1060 3313 1291 3368 sancto
1338 3313 1827 3385 congregatum,
1884 3321 2153 3384 gressus
2218 3311 2481 3367 nostros
2543 3303 2733 3368 lentis

483 3412 789 3491 passibus
855 3411 1294 3492 dirigentibuS,
1359 3411 1575 3475 medio
1640 3420 1934 3492 tempore
1981 3412 2157 3475 fama
2203 3412 2601 3475 discurrente
2645 3411 2732 3474 ad

481 3528 704 3582 nostre
754 3570 767 3583 .
819 3568 832 3581 .
883 3570 896 3582 .
951 3569 962 3581 .
1015 3516 1559 3598 [sevi]ssimorum
1616 3518 1986 3582 Turcorum
2031 3526 2468 3600 pretactorum
2514 3535 2732 3582 excre-

479 3634 728 3703 scente,
795 3645 908 3689 rex
972 3645 1377 3707 regnumque
1440 3627 1683 3705 Bozne,
1744 3634 2220 3707 consequenter
2282 3642 2545 3706 quoque
2592 3626 2733 3689 eius

483 3732 713 3812 incole,
763 3750 891 3813 que
938 3752 1195 3814 semper
1247 3784 1258 3797 .
1311 3784 1325 3800 .
1378 3783 1393 3799 .
1447 3783 1460 3796 .
1510 3734 1680 3798 sicut
1723 3734 2042 3814 pertinent
2087 3734 2281 3797 etiam
2319 3732 2402 3796 de
2430 3733 2733 3814 presenti,

483 3842 650 3903 tales
695 3848 761 3904 et
805 3848 1022 3905 tantas
1070 3842 1675 3905 damnificationum
1708 3841 2102 3917 invasioneS,
2141 3840 2733 3921 oppressionesque

479 3964 566 4009 ac
610 3948 880 4029 multipli
931 3999 944 4011 .
997 3999 1010 4012 .
1064 3998 1078 4013 .
1121 3938 1143 4007 ’.
1195 3956 1304 4011 nte
1350 3948 1630 4030 presidio
1677 3950 1855 4012 nulla
1899 3948 1993 4011 eis

1271 4056 1570 4136 facultaS,
1618 4057 1835 4135 nilque
1880 4055 2055 4119 aliud
2102 4100 2440 4119 ......
2489 4052 2735 4116 Verum

482 4181 643 4226 cum
688 4181 805 4244 pro
853 4164 1146 4227 eiusdem
1193 4165 1361 4243 regis
1408 4171 1473 4226 et
1499 4163 1677 4243 regni
1709 4163 1931 4225 Bosne
1962 4180 2042 4224 ac
2074 4163 2429 4225 incolarum
2459 4178 2733 4224 suorum

488 4271 572 4333 ab
619 4271 909 4352 ipsorum
954 4271 1320 4334 Tuscorum
1371 4319 1385 4333 .
1438 4319 1451 4333 .
1505 4319 1519 4334 .
1569 4270 1760 4334 nobis
1811 4319 1824 4331 .
1875 4276 2161 4332 .eotunc
2192 4268 2619 4331 existentibus
2648 4268 2735 4330 ad

489 4379 806 4459 premissa
855 4424 868 4437 .
921 4428 936 4443 .
988 4428 1001 4442 .
1051 4379 1374 4441 valentem
1430 4385 1627 4457 atque
1673 4384 1899 4458 aptum
1949 4375 2372 4440 duxissemus
2418 4374 2735 4455 inquiren·

486 4487 650 4552 dum
679 4504 764 4549 ex
810 4505 899 4567 qu
949 4536 962 4551 .
1014 4533 1026 4546 .
1079 4535 1093 4550 .
1143 4488 1376 4564 banus,
1409 4503 1607 4565 quem
1639 4485 1922 4564 ingenue
1970 4482 2410 4547 strennuitatis
2462 4482 2738 4545 audacia

482 4594 730 4656 nostris
794 4594 1044 4656 dudum
1112 4593 1665 4657 commendaverit
1730 4591 2150 4671 adspectibus
2215 4590 2299 4653 ad
2363 4590 2487 4652 hec
2543 4605 2736 4668 expe-

2446 4709 2508 4762 3.
