3475 5200
1709 339 2098 391 -332-

1738 556 2076 619 CDXLIV.

1396 714 1613 779 Βνόαι·
1658 715 1870 797 tabor,
1918 715 2097 781 1509
2143 714 2307 800 maj.
2351 715 2416 781 8.

782 856 1013 909 Eefiszlc‘»
1068 854 1233 908 unos
1288 855 1407 908 riez
1464 858 1721 923 deszpota
1779 857 2026 909 Kanizsai
2084 859 2304 925 Gyiirgy
2357 855 2768 910 horvat-dalmat
2823 855 3020 911 bannui

976 947 1197 1012 tudatja,
1232 948 1379 1013 hog-y
1425 963 1458 998 a
1500 947 1688 1015 fogoly
1724 949 2039 1000 toriikokkel
2084 949 2255 1000 kedve
2292 949 2491 1000 suerint
2526 946 2724 999 banhat
2760 949 2824 1001 el.

998 1074 1344 1154 Magnifice
1390 1075 1653 1139 domine
1699 1083 1765 1140 et
1809 1078 2018 1140 amice
2064 1077 2257 1140 nobis
2303 1077 2707 1141 honorande.
2756 1077 3025 1141 Litteras

782 1182 1080 1245 eiusdem
1108 1190 1321 1245 vestre
1354 1183 1833 1263 magnificentie
1874 1185 2320 1247 intelleximus,
2356 1183 2769 1265 Quapropter
2800 1184 3025 1248 eadem

786 1301 1002 1353 vestra
1048 1289 1533 1369 magnificentia
1580 1290 1722 1353 illos
1755 1291 2052 1373 captivos
2080 1290 2445 1354 Thurcales
2491 1308 2716 1354 secare
2763 1299 2826 1355 et
2857 1292 3028 1354 bona

782 1401 910 1457 sui]
958 1414 1077 1477 spe
1123 1404 1339 1478 potest
1403 1397 1566 1460 infra
1630 1399 1901 1478 mittere,
1971 1399 2057 1460 ita
2105 1398 2283 1479 quod
2340 1400 2518 1461 nulla
2562 1399 2838 1479 suspitio
2885 1416 3029 1462 esse

786 1505 1044 1577 debeat,
1109 1521 1189 1566 ac
1253 1504 1307 1567 si
1371 1504 1437 1565 in
1501 1505 1775 1586 propriis
1838 1505 2028 1568 bonis
2103 1505 2396 1569 eiusdem
2462 1513 2678 1569 vestre
2743 1505 3029 1587 magnifi-

786 1613 996 1674 centie
1041 1611 1497 1691 detinerentur,
1546 1629 1698 1674 cum
1730 1612 1839 1674 tali
1885 1612 2229 1692 diligentia,
2255 1613 2382 1675 sub
2412 1613 2711 1688 custodia
2759 1620 2825 1676 et
2855 1614 3029 1676 omni

790 1718 1192 1797 providentia
1256 1725 1462 1797 erunt,
1530 1720 1849 1800 citiusque
1916 1720 2141 1782 redimi
2206 1737 2280 1782 se
2328 1727 2652 1801 poterunt,
2717 1720 2804 1782 ad
2858 1720 3032 1801 quod

790 1837 850 1889 te
862 1843 1052 1905 mpus
1121 1833 1259 1889 tute
1332 1828 1910 1889 conservabuntur.
1981 1826 2130 1888 Illac
2216 1827 2372 1890 item
2439 1827 2521 1890 de
2586 1828 2713 1890 alio
2775 1828 3031 1907 negotio

786 1937 1002 1997 eidem
1031 1940 1245 1997 vestre
1278 1933 1756 2012 magnificentie
1789 1934 2024 1996 clarius
2063 1935 2328 2015 patefiet
2356 1934 2574 1998 studio
2621 1941 2686 1997 et
2715 1933 3034 2015 diligentia

794 2041 1118 2121 magnifici
1165 2041 1410 2104 domini
1441 2041 1769 2105 Francisci
1818 2040 2028 2105 fratris
2064 2042 2266 2105 nostri
2313 2042 2675 2105 charissimi
2720 2042 2832 2122 qui
2862 2042 3033 2105 brevi

790 2165 894 2213 est
958 2150 1355 2214 constiturus
1417 2149 1481 2211 in
1548 2148 1924 2231 Feyerkew.
2002 2150 2196 2229 Igitur
2267 2155 2485 2211 vestra
2560 2148 3037 2229 magnificentia

790 2261 1011 2321 audiet
1057 2274 1226 2337 eque
1274 2256 1441 2319 bene
1473 2257 1691 2318 omnia
1725 2262 1789 2318 et
1827 2272 2101 2319 causam
2131 2274 2314 2320 more
2359 2257 2619 2333 nostriS,
2668 2265 2732 2319 et
2763 2255 3035 2318 eandem

794 2369 1039 2449 optime
1084 2366 1299 2428 valere
1346 2372 1673 2445 optamus
1723 2362 1829 2426 Ex
1875 2371 2091 2426 castro
2139 2370 2366 2427 nostro
2413 2363 2608 2441 Brod,
2656 2363 2815 2426 feria
2859 2363 3038 2426 tertia

614 2494 630 2533 ι
666 2493 722 2533 m
798 2474 1093 2553 proxima
1111 2478 1261 2554 post
1279 2471 1522 2535 festum
1540 2471 1711 2533 beati
1730 2470 2048 2534 Johannis
2070 2480 2223 2534 ante
2247 2478 2501 2551 portam
2522 2470 2811 2550 latinam,
2855 2469 3033 2534 1509.

578 2565 690 2617 maij.
722 2565 766 2605 3.

2387 2614 2724 2679 johannes
2769 2613 3037 2693 Beryzlo

2559 2722 2896 2801 despotuS.

1013 2863 1251 2929 Kivu’l:
1286 2865 1639 2946 Magnifico
1671 2865 1942 2928 domino
1963 2864 2244 2946 Georgio
2274 2865 2355 2927 de
2389 2862 3029 2947 KanysaSclavonie,

798 2973 1057 3036 Crnatie
1111 2981 1175 3035 et
1220 2973 1538 3036 Dalmatie
1585 2973 1783 3051 bano,
1832 2972 2074 3035 domini
2121 2979 2185 3034 et
2229 2971 2443 3035 amico
2491 2970 2894 3035 honorando.

1015 3112 1241 3176 Eredeti,
1277 3114 1443 3179 papir,
1483 3109 1713 3162 zarlatan
1755 3110 1938 3177 pecset
1975 3108 2272 3177 nyomaval.
2320 3112 2391 3162 M.
2433 3111 2497 3162 Ο.
2539 3110 2600 3163 D.
2640 3112 2697 3163 L.
2738 3112 2930 3163 25512.
2968 3126 3036 3159 sz.

1795 3345 2103 3409 CDXLV.

1603 3524 1808 3602 Broa,
1857 3520 2055 3587 1509.
2096 3521 2248 3605 jan.
2301 3521 2361 3588 6.

802 3664 1034 3718 Eariszlo
1090 3663 1271 3728 Minos,
1328 3664 1448 3716 πάσι
1505 3668 1764 3730 deszpota
1815 3665 1983 3716 levele
2032 3665 2280 3717 Kanizsai
2336 3666 2556 3731 Gyiirgy
2601 3655 2791 3716 hotv&
2825 3661 3048 3723 hiulton,

962 3754 1208 3821 melyben
1247 3755 1429 3819 Bajnai
1467 3755 1601 3805 Both
1638 3751 1846 3805 Andras
1884 3754 2281 3819 mozgalmairol
2315 3752 2636 3809 ώιὶοῐοεοη
2672 3750 2886 3805 ertesiti.

1014 3901 1361 3988 Magnifice
1382 3901 1644 3963 domine
1664 3907 1729 3963 et
1749 3900 1941 3963 frater
1959 3908 2180 3964 noster
2199 3900 2786 3964 honorandissime.
2803 3898 3051 3961 Intima·

802 4018 983 4074 verat
1029 4010 1220 4073 nobis
1264 4014 1483 4070 vestra
1513 4008 1993 4088 magnificentia
2026 4008 2183 4071 dum
2216 4008 2298 4069 de
2327 4007 2572 4088 Jaycza
2608 3999 3051 4080 veniebamuS,

802 4126 874 4178 ut
922 4117 1151 4180 eadem
1200 4124 1452 4196 optaret
1498 4117 1845 4178 nobiscum
1893 4115 2195 4178 constitui
2242 4115 2344 4177 vel
2377 4114 2440 4176 in
2472 4115 2618 4199 ipsa
2647 4130 2774 4177 sua
2805 4109 3051 4192 [domo]
3079 4167 3125 4192 ,

802 4226 906 4286 vel
958 4230 1173 4287 autem
1220 4224 1284 4287 in
1331 4222 1399 4288 S.
1452 4223 1799 4286 Demetrio.
1849 4221 2102 4286 Tamen
2154 4240 2278 4285 nos
2330 4229 2501 4284 certe
2553 4238 2687 4284 non
2729 4218 3056 4301 potuimus

806 4330 890 4390 ad
938 4330 1147 4413 ipsam
1195 4330 1468 4395 domum
1514 4339 1728 4394 vestre
1795 4331 2272 4410 magnificentie
2319 4331 2407 4392 ire
2455 4347 2540 4392 ex
2585 4329 2774 4392 certis
2822 4323 3056 4399 causiS‚

810 4442 975 4502 aient
994 4441 1225 4502 eadem
1247 4440 1375 4502 iam
1400 4440 1747 4519 intelligere
1777 4439 2004 4520 potuit.
2038 4438 2296 4501 Tamen
2333 4437 2419 4500 ad
2450 4434 2515 4500 S.
2546 4432 2946 4500 Demetrium
2976 4434 3058 4495 ire

806 4546 1197 4608 volebamus
1216 4546 1504 4625 libenter,
1547 4548 1664 4610 sed
1696 4553 1916 4611 vestra
1947 4546 2426 4626 magnificentia
2442 4544 2785 4608 recusavit.
2819 4541 3059 4623 Expec-
