3475 5200
1676 339 2069 394 ...184-

748 562 898 624 culo
945 560 1355 641 obligationis
1401 559 1749 638 mediante,
1788 561 1968 640 quod
2013 560 2067 624 si
2115 561 2255 641 ipse
2301 559 2576 641 primam
2607 560 2997 623 solutionem

746 678 907 749 puta
953 668 1276 748 predictos
1308 669 1629 731 ducentos
1667 675 1731 731 et
1759 669 2226 747 quinquaginta
2254 668 2539 730 florenos
2568 668 2729 745 auri,
2762 667 2998 729 medie-

747 783 948 839 tatem
1011 775 1308 839 videlicet
1371 776 1690 838 dictorum
1741 776 2242 856 quingentorum
2289 775 2685 840 florenorum
2748 775 2887 837 auri
2932 775 2995 836 in

747 884 1103 964 prescripto
1168 890 1405 946 octavo
1471 883 1572 945 die
1638 879 1781 946 sesti
1843 883 2193 945 nativitatis
2238 883 2427 945 beate
2471 881 2674 944 Marie
2736 882 2995 962 virginis

747 993 812 1055 in
859 991 1145 1073 predicto
1211 991 1407 1071 opido
1472 991 1783 1068 Warada,
1852 1008 2071 1054 coram
2128 991 2379 1070 prefato
2426 990 2663 1054 comite
2727 989 2995 1053 Nicolao

748 1101 830 1163 de
875 1100 1130 1178 eadem,
1178 1105 1493 1162 annotato
1539 1098 1810 1162 domino
1857 1096 2130 1179 Symoni
2177 1098 2261 1161 de
2305 1098 2539 1161 Palocz
2594 1099 2794 1161 modo
2856 1116 2995 1178 pre-

747 1213 973 1271 notato
1021 1207 1287 1270 reddere
1333 1213 1396 1268 et
1442 1207 1810 1287 persolvere
1857 1207 2053 1268 nollet
2096 1211 2213 1268 aut
2257 1222 2393 1267 non
2442 1213 2688 1286 posset,
2754 1213 2994 1268 extunc

747 1315 918 1378 idem
965 1315 1271 1378 dominus
1318 1312 1567 1392 symon
1616 1314 1698 1376 de
1744 1313 1979 1376 Palocz
2026 1313 2301 1375 directas
2349 1313 2731 1376 medietates
2761 1313 2995 1376 medie·

747 1431 956 1485 tatum
1021 1422 1519 1503 possessionum
1567 1421 1788 1499 Zalka,
1856 1419 2039 1484 Gebe
2103 1430 2169 1484 et
2232 1421 2570 1500 Paraznya
2618 1429 2991 1483 vocatarum

746 1531 810 1592 in
860 1531 1169 1593 comitatu
1215 1528 1685 1592 Zathmariensi
1730 1529 2143 1591 existentium
2170 1529 2447 1606 habitas,
2496 1547 2650 1592 cum
2691 1529 2993 1592 omnibus

746 1656 972 1701 eorum
1041 1637 1415 1700 utilitatibus
1461 1645 1525 1699 et
1573 1636 1970 1717 pertinentiis
2018 1636 2520 1717 quibuscunque
2567 1653 2684 1715 pro
2748 1636 2991 1699 eisdem

747 1746 1046 1808 ducentis
1092 1753 1156 1808 et
1202 1745 1669 1825 quinquaginta
1715 1745 1976 1808 florenis
2022 1745 2163 1808 auri
2207 1744 2604 1825 presentium
2654 1761 2768 1823 per
2819 1745 2993 1823 vigo-

747 1872 882 1917 rem
930 1853 1215 1934 pignoris
1262 1854 1445 1917 titulo
1492 1852 1860 1933 occupandi
1905 1871 1985 1915 ac
2016 1860 2152 1915 tam
2201 1852 2311 1914 diu
2343 1851 2795 1929 conservandi,
2856 1867 2989 1931 pre·

747 1962 1150 2042 scriptasque
1185 1961 1616 2039 utilitatesque
1648 1961 2007 2023 earundem
2039 1960 2354 2039 quaslicet
2385 1958 2773 2040 percipiendi
2804 1961 2993 2038 plena

458 915 727 986 ἷοῐῑῖῑέἶ

747 2071 1055 2150 fungetur
1117 2069 1423 2132 facultate
1487 2069 1678 2131 simul
1726 2077 1791 2129 et
1836 2075 2177 2148 potestate,
2245 2068 2457 2130 donec
2522 2068 2732 2129 eidem
2797 2067 2881 2129 de
2934 2070 2994 2127 et

747 2195 945 2257 super
989 2178 1320 2257 premissis
1367 2177 1664 2239 ducentis
1712 2182 1777 2237 et
1823 2174 2293 2256 quinquaginta
2335 2174 2598 2238 florenis
2642 2173 2782 2236 auri
2813 2175 2994 2236 satis-

748 2286 942 2348 factio
991 2283 1466 2364 impenderetur
1511 2283 1828 2346 effective.
1879 2283 1946 2346 Si
1992 2299 2148 2345 vero
2195 2282 2557 2346 secundam
2603 2283 2989 2345 solutionem

749 2401 820 2456 ut
865 2401 1025 2473 puta
1070 2393 1335 2454 alteram
1366 2390 1780 2453 medietatem
1811 2391 2242 2470 predictorum
2275 2392 2781 2470 quingentorum
2812 2390 2992 2452 flore—

749 2518 981 2564 norum
1029 2500 1167 2561 auri
1213 2498 1508 2573 videlicet
1563 2497 1832 2560 totidem
1860 2498 2180 2560 ducentos
2212 2505 2274 2561 et
2305 2498 2775 2577 quinquaginta
2814 2497 2992 2560 ssore-

748 2627 873 2672 nos
919 2609 1056 2670 auri
1104 2616 1169 2670 et
1214 2625 1420 2669 unum
1469 2607 1719 2670 bonum
1787 2624 2029 2685 equum
2078 2607 2142 2668 in
2189 2608 2544 2688 prescripto
2592 2616 2830 2669 octavo
2895 2607 2993 2668 die

509 2695 680 2824 jfflbs.
745 2716 891 2778 sesti
937 2715 1445 2779 circumcisionis
1490 2715 1731 2778 domini
1779 2732 2000 2776 coram
2049 2714 2220 2778 dicto
2266 2714 2537 2779 Nicolao
2584 2714 2666 2776 de
2712 2714 2993 2777 Warada

744 2823 1032 2903 predicto
1079 2823 1344 2886 domino
1392 2820 1665 2902 Symoni
1714 2822 1795 2884 de
1858 2822 2089 2885 Palocz
2154 2825 2355 2887 modo
2419 2830 2793 2904 prenarrato
2859 2823 2991 2886 red-

744 2932 896 2994 dere
963 2937 1024 2992 et
1071 2931 1439 3010 persolvere
1504 2930 1702 2992 nollet
1766 2947 1886 2992 seu
1953 2931 2320 3010 negligeret,
2387 2942 2502 2993 aut
2549 2949 2683 2994 non
2748 2939 2988 3012 posset,

744 3045 986 3101 extunc
1034 3038 1203 3101 idem
1263 3038 1570 3100 dominus
1618 3035 1871 3118 Symon
1921 3039 2002 3101 de
2050 3039 2286 3102 Palocz
2333 3042 2568 3102 alteras
2616 3039 2991 3103 medietates

744 3146 1059 3209 dictarum
1108 3146 1531 3208 medietatum
1578 3145 2175 3226 prenominatamm
2223 3148 2722 3227 possessionum
2774 3148 2992 3225 Zalka,

744 3254 928 3316 Gebe
976 3262 1039 3316 et
1085 3254 1422 3332 Paraznya
1467 3272 1585 3334 pro
1633 3254 1882 3316 eisdem
1928 3255 2068 3317 aliis
2110 3255 2409 3317 ducentis
2438 3264 2502 3318 et
2530 3256 2994 3337 quinquaginta

743 3361 1005 3425 florenis
1051 3359 1190 3423 auri
1239 3367 1301 3423 et
1349 3378 1484 3423 uno
1531 3361 1707 3422 bono
1757 3379 1931 3440 equo
1977 3362 2383 3441 modosimili‚
2449 3363 2673 3442 vigore
2735 3380 2991 3443 presen-

741 3469 901 3532 tium
966 3467 1292 3531 mediante
1357 3468 1528 3530 dicto
1575 3468 1864 3549 pignoris
1891 3470 2097 3558 ,titulo
2145 3470 2509 3551 occupandi
2555 3488 2636 3532 ac
2689 3479 2824 3533 tam
2886 3471 2995 3533 diu

742 3576 1193 3653 conservandi,
1243 3575 1678 3655 utilitatesque
1711 3576 2067 3638 earundem
2110 3594 2563 3658 quascumque
2610 3578 2995 3659 percipiendi

740 3703 862 3747 seu
890 3683 1406 3765 percipifaciendi
1436 3690 1642 3746 tutam
1664 3692 1728 3746 et
1747 3701 2045 3747 securem
2067 3685 2333 3747 haberet
2364 3686 2760 3763 facultatem,
2787 3688 2995 3750 donec

742 3794 954 3855 eidem
1001 3809 1200 3872 super
1247 3792 1493 3854 eisdem
1547 3792 1686 3854 aliis
1752 3792 2049 3855 ducentis
2096 3801 2160 3856 et
2207 3794 2672 3872 quinquaginta
2736 3794 2995 3857 florenis

741 3902 880 3963 auri
925 3918 1004 3963 ac
1051 3916 1188 3962 uno
1236 3917 1407 3979 equo
1455 3901 1653 3976 bono,
1702 3900 2111 3963 satisfactum
2170 3900 2352 3963 fieret
2398 3919 2530 3979 quo
2576 3903 2661 3963 ad
2707 3904 2994 3981 plenum,

742 4008 826 4071 ad
873 4025 1001 4088 que
1066 4008 1384 4087 premissa
1446 4007 1740 4086 prefatus
1800 4008 2137 4071 Johannes
2194 4008 2277 4070 de
2325 4008 2578 4072 Chahol
2642 4017 2879 4089 sponte
2926 4028 2995 4073 se

744 4116 1048 4197 obligavit
1114 4132 1335 4179 coram
1391 4114 1582 4177 nobis
1628 4114 1850 4194 vigore
1897 4117 2293 4195 presentium
2342 4116 2687 4179 mediante.
2755 4118 2995 4181 Datum

537 4235 655 4279 1454
750 4223 910 4285 feria
960 4229 1149 4285 sexta
1196 4224 1496 4303 proxima
1538 4231 1691 4286 ante
1722 4224 2117 4287 dominicam
2164 4225 2498 4287 Invocavit
2541 4243 2721 4289 anno
2752 4225 2993 4289 domini

451 4294 724 4355 W
747 4330 1083 4393 millesimo
1104 4331 1740 4411 quadringentesimo
1763 4333 2305 4412 quinquagesimo
2325 4340 2573 4412 quarto,
2600 4334 2894 4397 Cassatis
2918 4341 2993 4398 et.

959 4472 1165 4523 Eredeti
1199 4474 1367 4537 papir,
1406 4472 1788 4543 pecse'teletlenv
1813 4472 2055 4540 peldany.

959 4563 1160 4625 Lelesz,
1218 4570 1451 4613 aetorum
1492 4566 1613 4613 anni
1661 4566 1811 4615 1454.
1852 4563 1949 4615 No,
1990 4566 2075 4614 38.
