3475 5200
1364 364 1716 416 -51—

1409 584 1665 647 CXXV.

1016 816 1020 820 ·
1078 795 1369 879 Bodrog,
1419 795 1614 859 1417.
1662 801 1852 879 szept.
1902 792 2008 858 13.

419 974 633 1040 Bodrog
657 973 939 1041 varmegye
968 974 1274 1040 kozonsege
1294 971 1540 1038 jelentest
1565 979 1681 1025 tesz
1708 973 1997 1039 Zsigmond
2024 971 2310 1038 kiralynak,
2335 973 2479 1036 hogy
2511 970 2663 1019 1417.

421 1079 540 1130 aug.
577 1062 741 1115 3l·en
771 1064 954 1115 Budr'm
981 1066 1089 1116 kelt
1114 1065 1376 1116 rendelete
1415 1062 1732 1116 ertelme'bcn
1770 1078 1908 1114 azon
1942 1059 2365 1113 hatalmaskodas
2405 1057 2663 1125 iigyeben,

421 1154 615 1220 melyet
651 1152 962 1205 Lazfirevics
1000 1152 1177 1205 Istvan
1214 1152 1334 1205 racz
1373 1156 1629 1219 deszpota
1665 1151 1806 1220 apati
1841 1153 2034 1217 tisztje,
2081 1151 2348 1202 Peretnich
2385 1147 2594 1209 Miklds,
2635 1162 2666 1196 a

423 1240 916 1294 Bathmonostoriak
953 1242 1128 1304 Valfex
1151 1239 1289 1294 nevfi
1315 1242 1556 1294 birtokim
1581 1240 1670 1294 ket
1691 1241 1898 1294 halasto
1935 1239 2327 1306 etroglalasdval
2366 1240 2664 1298 elkovetett,

637 1348 668 1382 a
705 1330 1023 1397 vizsgalatot
1058 1337 1392 1397 megtartotta
1428 1329 1487 1383 es
1524 1348 1555 1382 a
1593 1336 1817 1397 panaszt
1852 1332 2222 1397 beigazoltnak
2256 1328 2448 1380 talalta.

639 1475 803 1540 zichy
841 1474 926 1538 0.‚
965 1474 1045 1526 vl.
1083 1476 1205 1526 466.

1420 1763 1702 1828 CXXVI.

952 1978 1563 2062 Ndndorfejervdr,
1610 1978 1809 2043 1417.
1858 1980 1982 2043 okt.
2029 1977 2137 2043 28.

431 2153 737 2205 Lazarevtcs
761 2153 941 2206 Istvim
958 2154 1077 2207 πᾶσι
1103 2158 1359 2222 deszpota
1386 2155 1702 2223 meghagyJa
1728 2141 2000 2208 Szathmar
2017 2155 2076 2207 es
2094 2154 2295 2207 Nemeti
2319 2154 2671 2218 vatosoknak,

426 2244 571 2309 hogy
595 2248 682 2294 azt
708 2259 740 2293 a
769 2245 870 2294 150
906 2260 1071 2310 arany
1109 2247 1343 2307 soi-intot,
1382 2247 1575 2312 melyet
1600 2262 1630 2296 a
1654 2244 1843 2312 kiralyi
1877 2243 2194 2296 kollektizbol
2232 2243 2441 2310 nehany
2465 2242 2668 2310 pelgar-

428 2330 607 2384 tarsuk
642 2331 898 2398 maganak
935 2339 1250 2400 megtartott‚
1271 2334 1480 2401 hajtsak
1507 2337 1573 2387 be
1610 2334 1669 2386 es
1695 2334 1851 2400 adjak
1875 2334 1929 2387 at
1954 2333 2259 2400 (Remethei)
2297 2332 2445 2384 Peter
2481 2331 2670 2395 fianak,

1371 2423 1698 2484 ‚Istvannaln

640 2567 1015 2649 Stephanus
1047 2569 1151 2634 dei
1179 2572 1384 2652 gratia
1414 2570 1735 2652 dezpotus
1760 2570 2026 2634 Rasscie
2058 2577 2178 2634 etc.
2207 2570 2450 2655 dilectis
2482 2569 2673 2633 nobis

428 2676 750 2740 universis
790 2684 854 2738 et
895 2677 1165 2757 singulis
1215 2680 1464 2741 civibus
1506 2686 1570 2741 et
1607 2679 1865 2759 populis
1905 2696 1983 2740 ac
2024 2677 2389 2758 hospitibus
2437 2677 2673 2740 nostris

428 2783 510 2845 de
541 2783 848 2846 Zathmar
878 2792 941 2847 et
972 2783 1055 2847 de
1086 2784 1415 2866 Nemethy
1456 2786 1736 2848 salutem
1768 2803 1921 2847 cum
1953 2785 2307 2847 dilectione.
2353 2784 2675 2848 Noveritis

429 2909 555 2954 nos
616 2893 1005 2974 percepisse,
1069 2893 1404 2973 quomodo
1467 2893 1731 2972 quidem
1792 2910 1874 2955 ex
1927 2892 2122 2956 sociis
2183 2901 2247 2956 et
2293 2892 2674 2955 concivibus

430 2999 660 3063 vestris
727 3002 1076 3063 nonnullas
1123 3001 1517 3080 quantitates
1585 3001 2031 3080 pecuniarum,
2099 3000 2340 3063 scilicet
2406 3006 2671 3062 centum

431 3114 495 3169 et
540 3106 1009 3188 quinquaginta
1067 3108 1351 3170 florenos
1398 3108 1535 3170 auri
1589 3109 1693 3169 vel
1752 3107 1928 3184 citra,
1976 3108 2154 3188 pn'us
2221 3116 2283 3171 et
2349 3114 2543 3169 antea
2591 3108 2672 3169 de

435 3214 699 3277 collecta
745 3215 939 3296 regali
991 3233 1108 3296 pro
1159 3234 1231 3279 se
1285 3216 1442 3297 ipsis
1495 3216 1881 3296 usurpando
1941 3217 2336 3296 recepissent
2384 3223 2449 3278 et
2498 3232 2673 3278 nunc

434 3321 607 3402 apud
640 3339 713 3385 se
745 3322 925 3403 ipsos
957 3322 1169 3403 ipsam
1203 3323 1548 3404 pecuniam
1581 3330 2061 3386 conservarent.
2104 3320 2316 3403 Super
2354 3340 2485 3401 quo
2516 3322 2672 3384 fide-

433 3428 716 3492 litatibus
780 3431 1012 3492 vestris
1068 3431 1332 3493 firmiter
1388 3431 1801 3511 precipiendo
1866 3430 2281 3508 mandamuS,
2347 3436 2674 3507 quatenus

436 3554 589 3599 mox
635 3536 794 3599 visis
839 3538 1252 3617 presentibus
1299 3539 1550 3617 absque
1598 3537 1778 3601 omni
1825 3554 2009 3600 mora
2047 3537 2368 3617 predictas
2413 3543 2676 3598 centum

435 3650 498 3703 et
536 3644 1006 3724 quinquaginta
1053 3647 1335 3708 florenos
1384 3662 1621 3708 aureos
1663 3646 1745 3708 de
1784 3644 1998 3721 medio
2044 3644 2238 3707 vestri
2285 3643 2461 3724 apud
2508 3660 2676 3722 quos

436 3749 711 3813 existant
751 3752 1071 3831 requirere
1103 3759 1165 3814 et
1197 3752 1554 3815 reinvenire
1593 3751 1886 3815 debeatis
1918 3760 1982 3814 et
2013 3752 2290 3813 eandem
2331 3750 2675 3830 pecuniam

435 3856 720 3937 predicto
768 3859 1077 3939 magistro
1132 3859 1469 3940 Stephano
1517 3860 1650 3922 filio
1697 3859 1860 3921 Petri
1909 3858 2062 3920 dare
2110 3866 2173 3921 et
2220 3856 2552 3938 assignare
2598 3874 2678 3919 ac

437 3964 853 4028 annuifacere
894 3965 1186 4028 debeatis
1226 3974 1291 4028 et
1328 3967 1505 4029 aliud
1544 3966 1758 4029 facere
1799 3983 1932 4028 non
1974 3966 2196 4028 ausuri
2228 3965 2294 4027 in
2324 3964 2676 4045 premissis,

439 4072 544 4151 qui
586 4073 639 4135 si
681 4072 956 4136 feceritis
993 4073 1163 4136 bene
1196 4075 1479 4153 quidem,
1521 4073 1806 4152 alioquin
1849 4070 2356 4153 indignationem
2388 4078 2676 4134 nostram

440 4179 769 4243 incurretis
802 4198 883 4243 eo
916 4180 1109 4244 facto.
1159 4181 1402 4244 Datum
1444 4182 1506 4243 in
1547 4181 1968 4244 Albanandor
2012 4181 2075 4241 in
2124 4179 2291 4242 festo
2338 4179 2679 4241 beatorum

444 4284 749 4367 Symonis
790 4293 856 4349 et
891 4287 1058 4350 Jude
1104 4290 1552 4368 apostolorum
1593 4306 1770 4350 anno
1811 4287 2055 4350 domini
2097 4286 2435 4349 millesimo
2474 4287 2680 4365 quad-

445 4392 880 4473 ringentisimo
928 4394 1481 4476 decimoseptimo,

652 4568 876 4632 Eredeti,
913 4572 1079 4636 papir,
1117 4569 1257 4634 aljan
1292 4566 1639 4636 papirfolzetii
1676 4568 1946 4634 pecsettel.
1985 4570 2056 4621 M.
2087 4568 2148 4620 N.
2176 4570 2264 4632 M„
2304 4567 2491 4634 Kallay
2520 4585 2593 4620 σε.
2624 4571 2676 4620 lt.

2756 4403 2859 4444 1417

2718 4473 2811 4517 okt.
2840 4475 2908 4516 28.
