3475 5200
1716 373 1786 384 —
1862 346 2108 401 150—

784 571 849 627 et
895 563 1046 626 bani
1095 565 1465 644 supradicti,
1514 564 1714 629 modo
1763 572 1827 629 et
1872 566 1936 628 in
1982 566 2277 629 futurum
2324 566 2701 630 huiusmodi
2761 565 3027 649 despon-

786 672 1109 735 sationem
1155 678 1229 733 ut
1272 671 1655 753 premittitur
1698 691 1815 753 per
1858 673 2182 754 prefatum
2229 673 2581 754 despotum
2618 681 2683 737 et
2709 675 2853 738 eius
2884 691 3028 737 con-

785 785 1029 842 sortem
1095 779 1226 843 filio
1291 779 1596 860 sepedicti
1657 780 1978 844 Johannis
2040 781 2124 844 de
2189 780 2497 862 Hwnyad
2563 782 2824 857 factam,
2881 799 3026 844 con·

787 893 1060 949 tractam
1108 893 1171 949 et
1217 886 1600 967 dispositam
1647 889 1775 950 sub
1823 887 1973 951 fidie
2004 882 2163 970 (igy)
2194 896 2422 952 nostra
2459 888 2829 967 christiana,
2861 888 3029 951 fama

783 1002 848 1056 et
895 994 1145 1057 honore
1191 995 1431 1057 nostris
1478 995 1944 1074 temporalibus
2000 1003 2063 1058 et
2109 1013 2300 1059 sacro
2347 996 2757 1059 babtismatis
2821 1014 3026 1058 sacra-

786 1107 1009 1164 mento
1073 1108 1298 1164 nostra
1362 1108 1546 1182 parte
1611 1103 2106 1165 irrevocabiliter
2169 1111 2232 1166 et
2293 1120 2553 1183 semper
2597 1103 3026 1185 promisimus,

785 1226 1016 1289 ymmo
1063 1217 1128 1272 et
1173 1209 1406 1273 harum
1472 1210 1635 1274 serie
1695 1211 2128 1291 promittimus
2173 1227 2434 1274 servare
2498 1216 2772 1291 gratam,
2828 1219 3029 1273 ratam

785 1324 850 1379 et
897 1317 1172 1395 firmam,
1236 1334 1358 1379 nec
1405 1335 1485 1379 ea
1532 1316 1665 1381 ullo
1711 1335 2007 1397 unquam
2074 1326 2368 1397 ternpore
2433 1318 2635 1381 verbo
2701 1323 2814 1380 aut
2860 1316 3028 1381 facto

783 1426 1094 1487 volumus
1140 1424 1476 1502 contraire,
1523 1426 1703 1487 omni
1750 1424 1902 1487 dolo
1951 1433 2015 1487 et
2045 1425 2273 1487 fraude
2319 1426 2578 1506 penitus
2622 1425 3024 1506 postergatis.

783 1532 854 1594 In
904 1533 1092 1596 cuius
1137 1533 1334 1596 robur
1380 1539 1445 1595 et
1488 1532 1933 1595 testimonium
1980 1532 2276 1595 omnium
2342 1533 2833 1612 premissorum,
2895 1549 3029 1611 pre-

784 1648 1007 1703 sentes
1053 1640 1189 1702 fieri
1235 1647 1299 1701 et
1343 1640 1471 1702 sub
1519 1639 1924 1720 appensione
1971 1639 2325 1719 sigillorum
2360 1649 2731 1703 nostrorum
2757 1639 3028 1702 fecimus

679 1781 689 1789 -
785 1747 1186 1810 communiri.
1252 1747 1492 1811 Datum
1557 1747 1737 1826 Cilie,
1802 1747 2100 1828 proxima
2145 1748 2305 1810 teria
2348 1747 2533 1811 tertia
2577 1754 2729 1828 post
2793 1747 3027 1810 festum

785 1861 1162 1918 sanctorum
1210 1855 1336 1916 Viti
1384 1862 1447 1918 et
1493 1854 1773 1917 Modesti
1820 1854 2173 1932 martirum,
2211 1872 2388 1917 anno
2421 1856 2663 1919 domini
2694 1854 3026 1918 millesimo

785 1961 1427 2041 quadringentesimo
1473 1962 1978 2041 quadragesimo
2025 1968 2281 2025 octavo.

1000 2084 1221 2143 Eredeti‚
1259 2079 1497 2148 has-tyan,
1536 2082 1699 2148 siigg6
1737 2081 1992 2149 pecsetjei
2029 2084 2312 2148 elvesztek,
2350 2085 2422 2137 M.
2460 2083 2524 2135 N.
2564 2085 2634 2136 M.
2673 2085 2729 2136 lt.

1775 2282 2054 2345 CCXIX.

1510 2424 1727 2501 Buda,
1778 2422 1976 2488 1448.
2014 2423 2166 2507 jan.
2212 2423 2321 2487 21.

788 2551 1034 2617 Hunyadi
1073 2548 1235 2602 Janos
1273 2547 1616 2616 konnaeiny26‚
1655 2550 1976 2602 Brankovics
2019 2550 2239 2617 Gybrgy
2274 2546 2403 2620 raca
2434 2550 2689 2614 deszpota
2741 2544 3026 2617 panasziaera

788 2642 1106 2706 meghagyja
1141 2657 1173 2691 a
1208 2642 1387 2692 leleszi
1426 2642 1782 2701 konventnek‚
1837 2642 1983 2705 hogy
2023 2642 2253 2706 Sennyei
2290 2639 2444 2704 Nagy
2479 2640 2634 2690 Antal
2687 2638 2841 2697 elleh,
2894 2638 2943 2688 ki
2994 2651 3025 2687 a

790 2733 1048 2795 deszpota
1071 2732 1236 2781 keszii
1262 2729 1538 2780 birtokaba
1558 2728 1732 2794 magnit
1752 2731 2048 2794 jogtalanul
2072 2731 2440 2788 bevezettette‚
2460 2726 2776 2793 vizsgalatot
2800 2724 3025 2777 inditson
3090 2774 3103 2781 .

1544 2835 1571 2869 s
1610 2818 1667 2870 6t
1702 2817 1929 2885 torveny
1966 2816 2046 2870 ele
2082 2818 2281 2871 idezze.

995 2929 1332 2993 Johannes
1379 2929 1461 2991 de
1509 2930 1819 3009 Hwnyad
1866 2929 2044 3009 regni
2093 2929 2421 3009 Hungarie
2468 2929 2863 3008 gubernator
2907 2935 3018 2990 etc.

783 3038 1154 3102 Honorabili
1203 3037 1551 3100 conventui
1600 3038 1872 3100 ecclesie
1920 3037 2001 3100 de
2034 3036 2224 3099 Lelez
2263 3038 2542 3099 salutem
2575 3053 2727 3098 cum
2758 3035 3023 3099 honore.

780 3145 1024 3208 Dicitur
1088 3145 1279 3208 nobis
1325 3145 1388 3206 in
1437 3161 1719 3225 persona
1786 3144 2046 3207 illustris
2093 3143 2398 3224 principis
2464 3143 2705 3207 domini
2772 3142 3024 3221 Georgii

781 3253 1035 3334 despoti
1082 3253 1333 3330 Rascie,
1384 3252 1565 3331 quod
1612 3252 1986 3314 Anthonius
2020 3251 2304 3330 Magnus
2335 3250 2417 3313 de
2449 3250 2669 3332 Senye
2698 3250 3025 3331 quandam

780 3361 1274 3441 possessionem
1342 3359 1639 3422 eiusdem
1705 3359 1951 3422 domini
2016 3359 2269 3439 despoti
2318 3359 2561 3421 Kezew
2613 3365 2920 3421 vocatam
2964 3357 3025 3419 in

779 3469 1090 3531 comitatu
1138 3467 1552 3531 Borsodiensi
1601 3467 1913 3542 habitam,
1961 3467 2367 3545 temporibus
2414 3466 2668 3529 noviter
2698 3465 3028 3545 preteritiS,

779 3575 969 3637 cuius
1035 3574 1330 3637 nondum
1395 3575 1765 3655 preterisset
1810 3576 2127 3637 revolutio
2191 3574 2491 3636 annualis
2538 3590 2652 3653 per
2699 3573 3024 3654 quandam

777 3682 1126 3744 indebitam
1194 3689 1258 3745 et
1321 3683 1627 3745 iniustam
1676 3681 2217 3745 introductionem
2282 3687 2346 3743 et
2407 3677 2828 3743 statutionei‘n
2891 3680 3028 3742 sine

778 3790 957 3853 omni
1005 3789 1316 3869 litiginaro
1364 3807 1681 3869 processu
1728 3790 1849 3853 sibi
1898 3795 2181 3851 statuere
2240 3787 2452 3851 facere
2508 3794 2921 3867 procurasset
2967 3793 3029 3848 et

779 3914 894 3977 per
958 3898 1086 3960 hoc
1152 3896 1430 3960 eandem
1478 3916 1519 3959 a
1567 3898 1871 3959 manibus
1937 3896 2084 3958 dicti
2150 3896 2392 3959 domini
2440 3894 2711 3976 ,despoti
2774 3912 2892 3974 pro
2957 3910 3031 3957 se

779 4021 1149 4084 occupasse
1196 4005 1260 4066 in
1309 4003 1734 4084 preJudicium
1784 4011 1847 4065 et
1895 4005 2254 4083 dampnum
2302 4003 2452 4065 dicti
2492 4002 2736 4066 domini
2777 4001 3031 4082 despoti

776 4112 970 4174 valde
1002 4129 1336 4191 magnum.
1387 4110 1597 4191 Super
1634 4129 1768 4190 quo
1799 4118 2084 4173 vestram
2117 4111 2676 4182 honorabilitatem
2723 4109 3032 4189 presenti-

775 4220 903 4281 bus
976 4218 1373 4298 requirimur,
1424 4225 1752 4297 quatenus
1824 4222 2115 4292 vestrum
2180 4219 2445 4281 mittatis
2516 4218 2847 4280 hominem
2911 4233 3033 4298 pro

776 4326 1148 4388 testimonio
1214 4326 1635 4405 fidedignum,
1704 4343 1838 4406 quo
1904 4334 2203 4404 presente
2261 4324 2638 4405 Stephanus
2693 4324 2775 4387 de
2822 4326 3032 4403 Alsar,

774 4434 879 4495 vel
928 4432 1308 4495 Vincentius
1357 4433 1438 4494 de
1487 4434 1903 4510 Chekehaza‚
1951 4441 2066 4495 aut
2113 4432 2343 4495 Petrus
2392 4433 2472 4494 de
2520 4433 2691 4496 Keer
2733 4449 2856 4496 seu
2907 4431 3032 4494 Da—

776 4541 1038 4603 mianus
1085 4541 1165 4602 de
1213 4540 1515 4616 Zombor,
1565 4558 1686 4602 seu
1733 4540 2032 4602 Thomas
2079 4541 2161 4602 de
2207 4538 2473 4617 Salank‚
2518 4540 2656 4603 sive
2689 4539 3032 4602 Ladislaus
