3475 5200
1737 337 2128 389 -218—

808 560 1057 624 nissimi
1138 559 1453 640 capitanei
1521 577 1600 622 ac
1674 557 2080 621 illustrissimi
2159 556 2402 620 domini
2477 556 2704 633 JarmS,
2780 558 2861 618 de
2926 575 3053 635 qua

808 668 1001 731 etiam
1040 685 1108 730 re
1140 667 1419 730 intellexi
1466 666 1882 728 serenitatem
1930 671 2218 728 vestram
2266 681 2383 745 per
2426 664 2619 727 aliam
2657 664 2829 726 viam
2878 665 3050 727 advi-

807 776 1129 838 sationem
1193 774 1527 851 habuisse,
1593 781 1814 835 tamen
1886 790 2021 835 non
2091 772 2346 834 habens
2421 772 2613 834 aliam
2679 772 3051 835 huiusmodi

787 884 1005 946 'casus
1052 881 1521 960 certitudinem,
1588 882 1741 943 nihil
1807 881 2158 960 hucusque
2207 879 2622 943 scribendum
2646 968 2648 970 .
2671 880 2827 942 duxi
2873 881 3050 943 celsi-

572 1449 684 1493 επις,
720 1437 780 1481 15.

624 3458 728 3502 1453

564 3534 708 3586 saepti
720 3530 780 3570 12.

804 990 1008 1053 tudini
1040 997 1274 1052 vestre.
1319 988 1514 1051 Nunc
1562 994 1785 1051 autem
1812 988 2024 1051 eidem
2058 994 2426 1050 reverenter
2456 985 2754 1066 significo
2787 988 3053 1067 qualiter

808 1097 998 1160 hodie
1045 1098 1176 1160 huc
1222 1097 1527 1177 applicuit
1577 1096 1842 1176 quidam
1890 1113 1971 1157 ex
2019 1096 2280 1158 famulis
2318 1102 2381 1157 et
2413 1095 2830 1168 servitoribus
2878 1112 3049 1157 reve-

808 1204 1167 1268 rendissimi
1233 1204 1475 1266 domini
1542 1204 1881 1286 cardinalis
1928 1202 2149 1266 Sancti
2196 1203 2426 1282 Angeli
2483 1203 2673 1281 legati
2719 1202 3051 1283 apostolici

808 1320 924 1375 etc.
974 1313 1083 1391 qui
1130 1311 1322 1374 refert
1368 1312 1715 1375 discesisse
1763 1311 1863 1373 die
1902 1308 2102 1373 XVIII
2135 1309 2415 1390 Augusti
2448 1311 2740 1390 proxime
2777 1310 3048 1390 preteriti

808 1420 889 1483 ab
936 1420 1078 1482 eius
1126 1418 1665 1481 reverendissima
1709 1420 2091 1499 paternitate
2133 1418 2451 1480 existente
2500 1426 2659 1479 tunc
2690 1418 2753 1479 in
2787 1419 3048 1480 castello

808 1527 1123 1607 Belgradi,
1172 1526 1280 1588 ubi
1357 1525 1474 1588 fuit
1537 1526 1807 1588 victoria
1879 1526 2377 1588 christianorum
2447 1532 2674 1588 contra
2727 1525 3046 1602 TurchOS‚

804 1634 1141 1722 affirmans
1188 1633 1624 1695 indubitanter
1654 1647 1732 1695 ac
1766 1632 2028 1702 firmiter
2073 1641 2350 1702 mortem
2391 1632 2618 1713 prefati
2650 1633 3048 1695 illustrissimi

804 1743 1045 1834 domini
1090 1744 1297 1806 Janus
1343 1745 1622 1806 vaivode
1687 1749 1985 1806 secutam
2033 1759 2182 1804 esse
2228 1758 2313 1803 ex
2358 1749 2564 1821 peste,
2610 1744 2712 1804 vel
2754 1747 2827 1803 ut
2857 1741 3046 1821 aliqui

804 1851 1154 1913 credebant
1220 1858 1476 1931 propter
1541 1852 1838 1931 ingentes
1902 1850 2239 1912 molestias
2297 1858 2361 1913 et
2416 1843 2741 1912 maximos
2792 1849 3046 1910 labores

804 1975 973 2037 quos
1019 1959 1275 2038 pertulit
1319 1959 1382 2021 in
1435 1958 1740 2022 conflictu
1788 1958 1893 2021 illo
1938 1958 2371 2021 Turchorum.
2421 1957 2583 2019 Dicit
2630 1957 2819 2018 etiam
2872 1957 3047 2035 quod

804 2083 916 2145 per
961 2067 1203 2129 multos
1249 2065 1452 2129 fertur
1498 2068 1579 2129 de
1626 2071 1834 2128 morte
1883 2066 2286 2145 imperatoris
2339 2066 2705 2128 Turcorum
2754 2064 2863 2143 qui
2911 2081 3046 2143 per-

804 2191 1044 2254 cussus
1092 2175 1210 2237 fuit
1256 2193 1411 2237 cum
1477 2175 1818 2254 schiopeto
1884 2175 1950 2236 in
2013 2174 2229 2237 cossia
2287 2174 2351 2235 in
2399 2174 2542 2253 ipso
2589 2172 2915 2235 conflictu.
2963 2170 3043 2232 Et

804 2281 928 2344 hoc
976 2285 1248 2345 relatum
1294 2282 1499 2346 fuisse
1548 2284 1698 2344 dicit
1746 2282 2052 2361 precipue
2118 2298 2231 2360 per
2287 2281 2612 2361 quosdam
2659 2280 3044 2342 christianos

804 2397 1145 2470 renegatos
1192 2391 1303 2470 qui
1351 2392 1436 2451 ab
1484 2390 1771 2452 exercitu
1816 2387 2174 2451 infidelium
2216 2395 2535 2450 venerunt
2581 2388 2645 2448 in
2693 2388 3043 2449 exercitum

800 2498 1324 2561 christianorum:
1377 2514 1584 2559 unum
1616 2495 1901 2558 affirmat
1947 2497 2127 2575 quod
2173 2496 2497 2559 exercitus
2527 2494 2941 2557 Turchorum
2981 2494 3041 2554 in

802 2612 1010 2668 totum
1075 2606 1434 2668 dissolutus
1502 2612 1565 2667 et
1628 2622 1901 2685 sparsus
1972 2611 2071 2668 est
2144 2621 2260 2685 per
2323 2603 2625 2665 Greciam
2690 2609 2754 2664 et
2820 2593 3042 2664 classis

800 2731 1027 2776 eorum
1092 2729 1221 2791 que
1285 2719 1421 2774 erat
1484 2713 1551 2775 in
1618 2712 1922 2777 Danubio
1987 2713 2051 2773 in
2107 2718 2318 2775 totum
2363 2711 2546 2791 periit
2592 2718 2655 2773 et
2701 2710 3042 2773 combusta

800 2828 916 2883 est.
956 2820 1335 2901 ⁴Exercitus
1397 2836 1555 2883 vero
1622 2821 2117 2883 christianorum
2197 2825 2333 2882 erat
2407 2819 2598 2881 etiam
2675 2818 2739 2879 in
2803 2833 3039 2896 magno

800 2927 1123 2992 disordine
1169 2934 1429 3007 propter
1474 2928 1715 2990 multas
1774 2926 1987 2990 febres
2036 2934 2100 2989 et
2145 2926 2600 2992 invalitudines
2655 2931 2718 2986 et
2764 2924 3038 3002 necessi·

804 3043 966 3098 tates
1010 3035 1385 3097 victualium
1450 3052 1579 3115 que
1644 3042 1799 3097 sunt
1845 3036 1910 3097 in
1955 3035 2099 3115 ipso
2151 3043 2214 3097 et
2271 3033 2837 3097 incommoditates
2891 3033 3034 3094 allo·

800 3143 1271 3222 giamentorum
1319 3150 1383 3205 et
1429 3144 1613 3206 solus
1658 3143 2044 3205 venerabilis
2095 3142 2404 3205 dominus
2470 3142 2664 3204 frater
2709 3140 3037 3205 Johannes

800 3252 879 3314 de
927 3251 1334 3331 Capestrano
1366 3251 1474 3330 qui
1524 3251 1761 3329 patitur
1806 3249 2041 3325 febreS‚
2088 3252 2410 3330 gubernat
2456 3250 2817 3329 predictum
2865 3263 3036 3309 exer-

800 3357 1027 3433 citum3
1082 3364 1145 3420 et
1188 3357 1365 3419 vadit
1411 3359 1531 3420 iste
1588 3358 1858 3420 nuntius
1929 3357 2205 3420 Romam
2272 3358 2381 3437 qui
2447 3356 2641 3419 etiam
2707 3353 3031 3417 febricitat.

804 3465 963 3527 Date
1011 3463 1414 3545 Spilimbergi
1463 3466 1564 3526 die
1611 3465 1722 3526 XII
1766 3464 2167 3545 Septembris
2213 3463 2692 3527 MCCCCLV10.

1013 3605 1228 3656 Milandi
1266 3592 1325 3656 Ᾱ.
1365 3606 1423 3657 L.
1462 3607 1516 3658 P.
1556 3606 1613 3657 E.
1652 3604 1939 3671 wenezia).

1761 3842 2066 3906 CCXCV.

1508 4027 1693 4109 Bas,
1739 4028 1940 4093 1456.
1983 4034 2181 4112 szept.
2225 4029 2338 4094 15.

800 4189 1007 4239 Malters
1047 4187 1244 4238 Hem-ik
1281 4187 1340 4238 es
1379 4187 1654 4252 Herdegen
1695 4187 1821 4239 otto
1860 4205 1895 4238 a
1927 4191 2211 4255 niirnbergi
2249 4192 2516 4241 keresztes
2554 4203 2708 4253 sereg
2743 4187 3045 4254 hpifinyui

800 4292 859 4326 az
899 4277 958 4328 V.
1000 4275 1201 4327 Laszlcs,
1227 4275 1391 4342 kiraly
1428 4280 1587 4342 kapta
1614 4276 2058 4343 nandorfejervari
2086 4278 2444 4344 gyozelemrol
2467 4275 2591 4330 irott
2623 4276 2873 4340 jelente'st
2901 4293 3038 4342 meg·

796 4365 1043 4428 kiildven,
1099 4365 1337 4432 tudatjak
1395 4367 1670 4432 Niirnberg
1725 4368 1883 4419 varos
1940 4368 2262 4432 tanacsaval,
2317 4371 2463 4434 hogy
2521 4368 2579 4419 V.
2625 4367 2817 4418 Laszlo
2874 4366 3040 4432 kirin

800 4454 1000 4509 Badara
1037 4459 1196 4519 ment,
1237 4471 1267 4505 a
1303 4457 1531 4520 hajohad
1570 4460 1728 4524 pedig
1768 4459 1915 4509 Buda
1951 4460 2076 4510 alatt
2112 4457 2247 4510 husz
2291 4457 2684 4524 mertfoldnyire
2735 4454 3038 4508 fflomzisoz.

1009 4545 1267 4608 Anzeiger
1302 4547 1387 4596 fiir
1426 4548 1612 4599 Kunde
1651 4553 1744 4600 der
1780 4551 2069 4600 deutschen
2109 4549 2334 4601 Vorzeit.
2380 4551 2531 4602 1863.
2572 4548 2874 4600 251-254.

3091 4579 3120 4599 l

3046 5126 3055 5134 ⁶
3089 5110 3172 5153 mn*
3187 4830 3432 5154 4]
