3475 5200
1423 377 1812 429 -199—

496 597 576 659 de
640 596 1178 677 KewrthwelyeS‚
1232 613 1373 660 sew
1427 595 1750 677 Georgius
1803 597 1976 661 Zoor
2027 600 2108 660 de
2159 598 2385 682 Benye
2440 593 2742 676 [kihzizva

495 705 634 767 sive
666 704 1008 767 Ladislaus
1050 721 1191 766 sew
1231 703 1584 784 Dyonisius
1631 706 1713 767 de
1760 704 2155 768 Lazthowcz
2193 724 2279 768 an
2317 705 2629 769 Nicolaus
2661 706 2743 767 de

497 809 869 892 Aranyaaz]
901 813 1004 874 vel
1039 810 1362 891 Georgius
1400 810 1482 874 de
1511 812 1867 890 Petrowcz,
1910 830 2000 875 an
2047 812 2359 875 Nicolaus
2407 812 2745 875 Gewbewl

498 919 579 981 de
627 918 1185 996 Gewbewlfalwa‚
1251 919 1390 982 aliis
1455 920 1839 983 absentibus
1901 921 2103 983 homo
2168 927 2391 983 noster
2437 920 2519 981 de
2566 921 2746 981 curia

497 1033 722 1089 nostra
766 1026 940 1106 regia
985 1043 1100 1106 per
1132 1043 1257 1089 nos
1289 1026 1374 1089 ad
1407 1026 1468 1088 id
1499 1028 1861 1107 specialiter
1885 1026 2257 1107 deputatus,
2306 1028 2390 1090 ab
2437 1026 2744 1090 omnibus

497 1133 736 1211 quibus
789 1133 1104 1196 incumbit
1149 1150 1396 1196 meram
1445 1133 1525 1196 de
1571 1135 1905 1213 premissis
1951 1134 2316 1214 experiatur
2346 1133 2744 1197 certitudinis

494 1240 849 1316 veritatem,
915 1258 1115 1320 quam
1180 1240 1448 1303 tandem
1511 1250 1732 1305 nostre
1799 1242 2060 1323 speciali
2108 1242 2428 1321 presentie
2476 1241 2743 1303 fideliter

494 1346 877 1410 rescribatis,
941 1347 1184 1410 Datum
1232 1348 1417 1410 Bude
1463 1348 1621 1410 seria
1686 1356 1917 1429 quarta
1961 1350 2259 1429 proxima
2304 1357 2455 1429 post
2500 1348 2741 1411 festum

493 1454 663 1517 beati
696 1453 987 1535 Gregorii
1020 1472 1208 1536 pape,
1256 1472 1433 1519 anno
1464 1454 1706 1519 domini
1735 1455 2076 1520 millesimo
2105 1456 2744 1538 quadringentesimo
2820 1447 2923 1490 ¹⁴⁵⁶

495 1560 1039 1643 quinquagesimo
1086 1569 1295 1626 sexto.
2783 1517 2957 1618 '⁰55⁸‘

707 1739 943 1803 Kiviil:
991 1707 1304 1805 Nicolaus
1338 1742 1612 1806 Gewbel
1642 1744 1724 1805 de
1758 1743 2249 1820 Gewbelfalwa‚
2299 1751 2520 1806 noster
2552 1742 2745 1805 frater

493 1844 871 1927 Stephanus
897 1849 1142 1913 Cantor
1162 1850 1227 1912 in
1247 1849 1701 1930 Zempliniensi
1734 1851 2001 1933 dempto
2032 1852 2249 1914 solum
2278 1859 2457 1913 certo
2484 1867 2743 1913 necnon

495 1954 668 2016 sacta
699 1955 1115 2021 exstitissent.
1164 1957 1425 2020 Datum.

707 2129 932 2194 Eredeti‚
971 2134 1138 2197 papir,
1184 2131 1418 2185 zarlatan
1456 2132 1639 2199 pecse't
1674 2132 2044 2186 toredekeivet
2086 2136 2295 2199 Lelesz;
2336 2140 2586 2188 Actorum
2621 2137 2745 2186 anni

500 2231 652 2280 1456.
691 2228 778 2281 Nr.
825 2231 904 2282 10.
963 2229 1116 2282 Pelso
1152 2229 1340 2283 re'szen
1379 2230 1566 2284 ero'sen
1604 2231 1979 2300 megrongalva
2036 2250 2063 2285 s
2118 2237 2454 2286 kiszakadva.
2512 2234 2575 2286 U.
2606 2249 2746 2285 azon

493 2325 642 2377 suim
679 2328 805 2379 alatt
840 2344 1066 2394 megvan
1105 2345 1135 2379 a
1175 2328 1422 2396 kaptalan
1457 2332 1715 2399 relatioja,
1753 2333 1894 2400 mely
1931 2332 2038 2397 apr.
2078 2333 2237 2384 23-ᾱο
2275 2335 2394 2386 kelt.

1463 2639 1771 2704 CCLXV.

1017 2858 1236 2925 Castel
1297 2856 1622 2935 Giubileo‚
1667 2853 1868 2920 1456.
1917 2853 2066 2938 cipr.
2114 2854 2224 2918 27.

494 3041 817 3106 Castiglione
856 3037 1019 3089 Janos
1058 3036 1232 3103 pavini
1261 3036 1473 3103 piispbk
1498 3035 1666 3086 levele
1693 3034 1883 3085 Ssorza
1906 3034 2135 3085 Ferenez
2162 3033 2377 3085 milanoi
2402 3035 2742 3100 herczeghez,

492 3141 740 3205 melyben
777 3138 1016 3203 egyebek
1053 3138 1235 3188 kozott
1291 3132 1404 3201 irja,
1459 3135 1606 3200 hogy
1644 3133 1894 3200 Hunyadi
1930 3131 2096 3184 Janos
2152 3131 2476 3199 kormsinyzo
2532 3134 2742 3185 selvette

817 3253 849 3288 a
885 3237 1164 3297 keresztet,
1204 3250 1231 3285 s
1267 3235 1415 3299 hogy
1452 3249 1484 3283 a
1523 3234 1676 3283 szerb
1714 3234 1973 3298 deszpota
2015 3232 2429 3296 megszabadult.

706 3399 1136 3463 Illustrissime
1204 3416 1282 3460 ac
1331 3397 1779 3477 potentissime
1846 3396 2143 3476 princeps
2208 3404 2269 3458 et
2336 3395 2598 3458 domine
2655 3397 2741 3458 mi

493 3507 970 3573 colendissime.
1010 3507 1166 3569 Post
1198 3505 1631 3570 affectuosam
1664 3504 2390 3567 recommendationem.
2435 3503 2744 3567 Ritourna

493 3618 578 3679 da
623 3618 686 3678 la
735 3614 1166 3690 ‚illustrissima
1235 3613 1518 3693 signoria
1579 3620 1798 3675 vestra
1857 3612 1923 3676 lo
1986 3612 2336 3691 magnifico
2383 3617 2445 3673 et
2492 3619 2744 3692 specta-

493 3724 616 3785 bile
689 3723 988 3785 cavalero
1053 3738 1341 3784 messere
1387 3719 1601 3784 Sceva
1646 3718 2145 3782 instructissimo
2200 3718 2301 3781 del
2350 3726 2516 3781 tutto
2560 3726 2743 3782 tanto

494 3830 596 3893 del
661 3836 931 3910 passato
995 3846 1189 3892 como
1236 3829 1318 3890 de
1376 3829 1440 3891 10
1504 3834 1853 3908 presentet,
1901 3828 2043 3889 solo
2099 3844 2214 3906 per
2279 3834 2512 3906 questa
2581 3827 2742 3888 noti·

497 3938 622 4000 fico
660 3955 701 3999 a
738 3954 892 3999 essa
925 3944 1144 3999 vestra
1175 3937 1478 4016 signoria,
1520 3935 1642 3997 che
1681 3935 1964 3996 havemo
2002 3951 2174 3997 nova
2215 3951 2407 3996 como
2443 3933 2743 3996 Johanne

493 4044 823 4125 wayvoda
867 4044 1030 4106 alias
1066 4051 1496 4123 governatore
1545 4043 1625 4105 de
1673 4040 1965 4122 Ungaria
2010 4059 2136 4104 con
2183 4041 2360 4103 molti
2405 4040 2633 4103 baroni
2679 4049 2743 4103 et

494 4152 629 4213 altri
661 4152 749 4214 ha
774 4167 973 4232 preso
1003 4152 1067 4213 la
1097 4168 1285 4214 croce
1319 4158 1543 4214 contra
1570 4151 1635 4213 lo
1663 4150 1951 4212 Turcho.
1987 4148 2082 4212 Lo
2107 4150 2382 4228 despoto
2413 4146 2496 4210 de
2519 4146 2745 4211 Servia

497 4257 530 4319 ὲ
577 4259 867 4335 liberam,
917 4258 999 4319 de
1039 4257 1077 4320 l'
1116 4259 1359 4320 acordo
1389 4265 1487 4320 tra
1533 4259 1591 4319 el
1638 4274 1705 4320 re
1755 4274 1791 4318 e
1837 4258 1899 4319 lo
1933 4256 2089 4319 ditto
2134 4263 2562 4335 governatore
2609 4274 2742 4319 non

496 4366 779 4429 havemo
802 4365 984 4442 altro,
1011 4383 1121 4427 rna
1153 4383 1343 4446 spero
1374 4365 1638 4428 tandem
1673 4364 1950 4444 seguira.
1991 4364 2058 4427 Io
2087 4381 2201 4444 per
2245 4365 2304 4426 le
2346 4380 2492 4425 mee
2523 4365 2743 4425 lettere

495 4490 576 4535 ne
622 4473 713 4536 ho
761 4473 963 4535 molto
1011 4474 1375 4536 confortato
1422 4474 1485 4534 la
1531 4489 1654 4534 sua
1701 4470 1981 4534 serenita
2027 4477 2089 4533 et
2144 4472 2325 4534 cossi
2388 4473 2453 4533 lo
2516 4488 2743 4550 gover-

497 4587 740 4644 natore.
801 4578 1127 4657 Ceterum,
1194 4581 1454 4661 signore
1502 4580 1653 4656 mi0,
1702 4596 1904 4659 prego
1950 4580 2010 4641 la
2058 4577 2412 4641 iustissima
2458 4577 2743 4658 signoria
