3475 5200
1404 338 1472 347 —
1547 310 1796 364 375-

469 532 800 595 rationum
845 530 1155 612 prosequi
1209 529 1535 607 antidotiS,
1602 547 1721 610 pro
1788 528 2033 611 quibus
2075 547 2211 593 non
2275 535 2413 593 tam
2468 528 2724 610 preteri-

469 646 693 703 torum
740 637 1206 718 obsequiorum
1254 638 1560 701 exhabito
1626 645 1950 717 quantum
1997 638 2514 702 exhibendorum
2565 638 2723 722 apti·

471 745 635 809 tudo
704 753 770 809 et
839 746 1119 809 affectus
1184 748 1521 809 ultroneus
1594 746 1932 826 palpabilis
2000 748 2267 809 veritate
2335 745 2724 831 experientis

469 870 847 935 propensus
892 853 1314 934 interpellant,
1362 870 1774 933 quorumque
1808 853 2052 917 ‘labore
2118 860 2182 917 et
2233 853 2478 917 viribus
2524 853 2724 917 votivi

476 960 745 1025 honoris
791 978 866 1024 se
912 960 1231 1041 conspicit
1279 959 1607 1041 fastigium
1657 960 1964 1041 attigisse,
2017 961 2167 1042 Qua
2208 960 2724 1025 consideratione

471 1068 770 1131 debitum
835 1068 1156 1130 habentes
1229 1074 1601 1148 respectum
1674 1069 1761 1131 ad
1835 1069 1939 1131 illa
2001 1066 2384 1132 multimode
2446 1067 2726 1148 gratuita

475 1182 921 1256 perpetueque
965 1175 1178 1238 laudis
1223 1174 1534 1255 preconio
1577 1175 1945 1253 recolenda,
1993 1175 2376 1238 fidelitatum
2408 1192 2608 1256 opera
2644 1192 2724 1237 ac

476 1282 867 1364 pergrandia
912 1281 1234 1362 obsequia
1278 1275 1486 1345 fi'delis
1524 1282 1726 1346 nostri
1759 1281 1970 1345 dilecti
2003 1281 2335 1345 reverendi
2367 1281 2434 1345 in
2466 1281 2724 1345 Christo
2831 1302 2836 1306 ·

473 1390 678 1471 patris
708 1388 951 1453 domini
977 1387 1291 1468 Symonis
1322 1389 1403 1452 de
1427 1389 1698 1470 Rozgon
1732 1389 2019 1471 episcopi
2051 1388 2406 1470 Agriensis‚
2439 1390 2722 1470 sumpmi

473 1476 822 1560 cancellari
868 1497 1047 1576 regni
1096 1496 1429 1578 Hungarie
1475 1504 1697 1561 nostre
1727 1497 2104 1575 maiestatiS‚
2136 1514 2264 1576 que
2298 1497 2469 1561 idem
2517 1496 2725 1561 multi-

480 1604 724 1685 pliciter
769 1604 960 1666 nobis
1008 1603 1318 1682 exhibuit,
1386 1622 1540 1666 nam
1607 1622 1760 1667 cum
1809 1606 1891 1667 de
1937 1622 2140 1684 regno
2188 1611 2415 1668 nostro
2461 1605 2724 1669 Polonie

478 1729 594 1792 per
640 1711 960 1773 notabiles
1007 1711 1269 1774 domine
1316 1709 1653 1774 Elizabeth
1709 1712 1930 1791 regine
1976 1730 2055 1773 ac
2102 1710 2540 1798 universitatis
2584 1728 2724 1791 pre·

473 1820 783 1896 latorum,
849 1819 1172 1883 baronum
1238 1826 1301 1881 et
1365 1819 1680 1882 nobilium
1745 1819 1943 1882 huius
2007 1819 2186 1899 regni
2252 1819 2731 1883 ambasiatores‘

479 1928 675 2007 pleno
723 1928 1083 1990 eorundem
1130 1928 1444 1990 mandato
1491 1928 1577 1988 ad
1621 1944 1750 1990 nos
1795 1927 2243 2005 transmisso5,
2306 1926 2394 1989 ad
2438 1926 2723 2007 regimen

480 2036 680 2098 huius
726 2035 904 2114 regni
953 2034 1283 2114 Hungarie
1331 2052 1467 2096 non
1512 2040 1645 2095 tam
1679 2034 1924 2096 invitati
1955 2041 2277 2115 quantum
2308 2033 2727 2112 solempniter

472 2142 684 2221 electi,
733 2142 861 2204 hoc
907 2159 1184 2221 regnum
1230 2140 1563 2219 Hungarie
1627 2141 1832 2220 ipsius
1897 2141 2229 2204 electionis
2293 2140 2430 2204 iure
2494 2141 2560 2203 in
2607 2156 2724 2219 spe

480 2249 803 2329 promisse
826 2250 1007 2329 pacis
1030 2249 1441 2312 invitantium
1473 2248 1712 2310 nullius
1740 2247 2102 2311 dolositatis
2134 2247 2399 2311 insidias
2422 2246 2724 2309 timentes

477 2355 985 2437 ingrederemur,
1043 2356 1389 2436 medioque
1455 2363 1748 2436 tempore
1811 2373 1927 2439 per
1990 2356 2324 2419 dominam
2386 2353 2723 2417 Elizabeth

480 2464 774 2544 reginam
820 2464 1174 2544 predictam
1220 2464 1597 2526 huiusmodi
1644 2470 2010 2542 spontanee
2056 2480 2177 2525 sue
2224 2461 2618 2524 invitationis
2663 2469 2727 2524 et

476 2571 815 2636 electionis
884 2572 966 2635 de
1029 2572 1222 2634 nobis
1291 2571 1611 2634 factarum
1687 2571 2098 2652 propositum
2161 2569 2386 2652 iniquo
2455 2569 2726 2634 consilio

478 2680 929 2742 inconstanter
1002 2679 1456 2749 inmutantem.
1533 2677 1705 2742 initis
1778 2697 1932 2742 curn
2009 2679 2338 2743 nonnullis
2408 2679 2727 2758 perversis

482 2789 911 2853 Theutonicis
958 2796 1021 2852 et
1067 2789 1376 2852 Bohemis
1424 2790 1808 2870 dampnosis
1851 2790 2477 2854 considerationibus
2509 2787 2729 2868 exqui-

482 2898 611 2960 sita
656 2897 1270 2977 impedimentorum
1326 2914 1570 2976 genera
1615 2904 1841 2960 contra
1906 2898 2283 2962 huiusmodi
2349 2898 2735 2960 electionem·

481 3010 798 3082 nostram,
831 3022 914 3066 ne
947 3004 1178 3066 eadem
1212 3003 1581 3067 efficeretur
1597 3004 2080 3081 fabricarentur,
2103 3004 2396 3085 prefatus
2424 3005 2732 3067 dominus

480 3111 740 3192 Symon
788 3111 1141 3192 episcopus
1187 3129 1321 3174 non
1371 3112 1673 3174 obstante
1720 3111 1843 3174 hiis
1889 3113 1955 3174 in
2003 3128 2124 3173 sue
2170 3112 2319 3174 fidei
2368 3113 2541 3174 fixus
2579 3127 2733 3173 con-

485 3219 747 3297 stantia,
796 3220 999 3281 nostri
1047 3219 1308 3282 obviam
1356 3219 1514 3282 dum
1562 3218 1690 3282 iam
1736 3226 1977 3282 terram
2041 3217 2547 3300 Scepusiensem
2593 3218 2732 3279 atti-

481 3328 839 3408 gissemus,
890 3327 1160 3405 copioso
1209 3326 1597 3389 familiarum
1652 3327 1914 3407 agmine
1979 3328 2307 3390 conducto
2353 3326 2733 3401 adveniens,

484 3433 770 3513 fideique
817 3451 938 3495 sue
987 3435 1424 3496 sinceritatem
1471 3434 1787 3514 primitiali
1836 3434 2163 3497 oblatione
2229 3434 2422 3497 nobis
2468 3435 2734 3496 demon·

484 3549 727 3619 stranS,
776 3541 1075 3603 adductis
1123 3542 1265 3603 illac
1311 3541 1394 3602 ad
1442 3559 1567 3604 nos
1613 3559 1729 3621 per
1795 3559 1950 3605 eum
2016 3548 2082 3604 et
2128 3541 2357 3604 ceteris
2404 3539 2736 3605 nonnullis

486 3649 596 3711 alti
645 3655 863 3711 status
903 3649 1101 3711 huius
1158 3650 1338 3728 regni
1403 3650 1760 3712 baronibus
1824 3650 2060 3729 pariter
2122 3667 2276 3711 cum
2339 3647 2586 3711 eisdem
2653 3648 2738 3709 ab

487 3756 677 3833 illinc,
726 3772 937 3835 usque
984 3756 1047 3818 in
1095 3757 1267 3818 hanc
1332 3763 1625 3818 nostram
1682 3756 2010 3819 civitatem
2076 3755 2453 3818 Budensem
2500 3772 2742 3818 securo

490 3863 713 3925 itinere
759 3880 884 3926 nos
932 3863 1262 3939 conduxit,
1310 3862 1942 3945 advenientibusque
1989 3863 2256 3926 tandem
2304 3864 2435 3926 huc
2487 3862 2572 3923 ad
2615 3873 2741 3924 nos·

485 3971 594 4032 sui
641 3971 944 4050 exemplo
990 3970 1211 4033 dietim
1261 3970 1554 4050 pluribus
1608 3988 1686 4032 ac
1736 3971 2030 4050 pluribus
2070 3970 2268 4032 huius
2309 3969 2486 4050 regni
2533 3969 2736 4048 prela-

487 4079 594 4154 tis,
643 4078 1017 4152 baronibuS‚
1065 4077 1372 4140 militibus
1431 4085 1495 4140 et
1541 4078 1867 4140 nobilibus
1914 4077 2290 4140 huiusmodi
2355 4075 2738 4139 electionem

491 4190 789 4247 nostram
816 4185 1002 4247 sicuti
1029 4202 1141 4265 per
1166 4185 1348 4266 prius
1377 4184 1633 4261 fecerat,
1666 4185 1835 4247 ultro
1868 4183 2406 4246 confirmantibus
2453 4200 2533 4244 ac
2579 4199 2741 4245 non-

492 4291 686 4353 nullis
733 4291 928 4353 etiam
975 4309 1059 4353 ex
1105 4292 1247 4368 hiis,
1298 4292 1407 4371 qui
1454 4292 1519 4353 in
1567 4291 1860 4354 savorem
1909 4291 2192 4371 predicte
2241 4291 2457 4371 regine
2505 4309 2547 4352 a
2593 4289 2746 4352 fidei

491 4399 580 4461 ad
636 4399 1019 4462 electionem
1084 4400 1460 4462 huiusmodi
1516 4399 1780 4480 prestite
1851 4399 2082 4462 semita
2136 4398 2489 4462 >deviantes
2555 4399 2746 4461 nobis

492 4505 781 4568 rebellari
827 4507 1309 4585 pretendebant
1362 4507 1549 4569 sicuti
1583 4507 1874 4585 consilio,
1924 4506 2017 4570 sic
2061 4506 2417 4570 nonminus
2449 4521 2745 4570 commu-
