3475 5200
325 7 354 18 τ

1401 409 1466 419 -
1541 346 1787 434 εὖτ’-

470 602 747 678 ablatem,
803 599 868 662 in
915 605 1235 679 quantum
1299 599 1530 661 eedem
1575 616 1658 662 ex
1704 616 1911 662 causa
1972 605 2260 679 pretacta
2323 601 2535 663 ablate
2592 601 2722 663 exi-

471 714 673 785 stunt,
695 703 1059 770 me'morato
1079 706 1360 771 Johanni
1390 705 1714 769 Rasciano
1756 707 1897 770 sine
1929 707 2219 788 dampno
2251 714 2316 770 et
2346 707 2722 771 difficultate

469 815 738 879 reddere
783 822 851 878 et
893 815 1228 877 restituere
1275 813 1583 877 debeatis.
1631 811 1700 876 Si
1732 814 1906 877 enim
1947 820 2172 880 contra
2203 814 2487 895 prefatas
2519 816 2722 878 domi·

471 939 595 985 nas
658 921 1186 984 sanctimoniales
1250 921 1471 1001 previa
1535 921 1784 984 ratione
1848 922 2112 1002 aliquod
2158 922 2262 984 ius
2308 923 2564 985 habetis
2622 923 2723 986 vel

471 1029 714 1092 habere
798 1027 1195 1109 pretenditis,
1284 1028 1594 1091 volumus
1663 1034 1736 1090 ut
1804 1028 2180 1092 huiusmodi
2250 1029 2353 1092 ius
2428 1037 2720 1093 vestrum

472 1154 696 1200 coram
727 1136 1079 1217 magnifico
1112 1135 1409 1199 Johanne
1443 1136 1525 1197 de
1555 1134 1825 1217 Rozgon
1858 1137 2170 1217 magistro
2191 1137 2719 1200 thavarnieorum

467 1251 841 1309 nostrorum
887 1243 1392 1326 prosequamini,
1446 1244 1878 1324 compareatis
1924 1261 2189 1324 quoque
2254 1262 2406 1308 cum
2474 1244 2718 1307 iuribus

467 1353 702 1416 vestris
748 1367 972 1414 coram
1019 1353 1276 1430 eodem,
1325 1352 1436 1414 ubi
1483 1352 1678 1414 etiam
1725 1350 1977 1431 prefata
2023 1351 2285 1415 domine
2330 1353 2434 1414 vel
2490 1369 2719 1416 eorum

468 1466 849 1541 procurator
894 1458 1179 1521 similiter
1224 1476 1377 1521 cum
1425 1458 1675 1521 iuribus
1735 1475 1964 1521 eorum
2015 1507 2029 1521 .
2082 1507 2096 1521 .
2148 1507 2163 1523 .
2216 1456 2719 1537 [commisimus

465 1573 688 1630 autem
753 1565 965 1629 eidem
1028 1565 1309 1629 Johanni
1374 1565 1457 1628 de
1520 1565 1792 1645 Rozgon
1859 1572 1923 1629 et
1968 1566 2379 1647 presentibus
2443 1568 2720 1631 strictias

468 1673 952 1748 committimu5‚
1001 1681 1072 1735 ut
1121 1673 1260 1753 ipse
1319 1718 1333 1733 .
1353 1681 1368 1694 ·
1385 1719 2006 1737 ..........
2054 1680 2119 1736 et
2164 1673 2473 1737 iustitiam
2504 1675 2719 1737 facere

461 1778 723 1858 debeat,
786 1780 1168 1845 auctoritate
1232 1787 1457 1844 nostra
1519 1779 1731 1843 eidem
1778 1780 1843 1843 in
1890 1781 2018 1844 hac
2062 1786 2244 1862 parte
2308 1781 2717 1862 presentibus

467 1933 949 1952 ........
998 1904 1153 1967 ergo
1201 1887 1415 1950 facere
1461 1905 1594 1951 non
1644 1888 1887 1966 ausuri,
1946 1888 2358 1968 presentibus
2422 1889 2717 1970 perlectis

463 1993 792 2057 exhibenti
837 1995 1165 2057 restitutis.
1216 1991 1461 2057 Datum
1507 1994 1691 2057 Bude
1739 1995 1802 2057 in
1852 1993 2021 2059 festo
2069 2042 2416 2059 ......
2466 1989 2716 2078 [mille]-

460 2101 632 2164 simo
678 2100 1315 2180 quadringentesimo
1347 2102 1762 2182 sexagesimo
1809 2109 2061 2182 quarto,
2094 2103 2273 2182 regni
2306 2104 2507 2166 nostri
2538 2121 2715 2167 anno

460 2208 762 2289 septim0‚
811 2208 1247 2272 coronationis
1289 2258 1636 2274 ......

675 2346 899 2411 Eredeti,
956 2350 1124 2414 papir,
1181 2350 1313 2400 t6bb
1367 2350 1513 2415 belyt
1567 2350 1907 2412 kiszakadva,
1972 2347 2109 2413 aljan
2169 2347 2472 2414 ranyomott
2532 2347 2715 2415 pecset

460 2435 831 2490 toredekeivel.
867 2437 940 2490 M.
976 2438 1041 2491 O.
1081 2439 1143 2491 D.
1181 2438 1240 2491 L.
1285 2439 1473 2491 16034.
1520 2440 1598 2489 Az
1646 2438 1957 2491 oklevelben
2013 2455 2045 2490 a
2099 2436 2355 2490 keltezest
2405 2438 2712 2490 tartalmazo

455 2541 548 2578 sor
622 2527 960 2588 kiszakadva,
999 2543 1031 2577 a
1066 2526 1299 2580 keltezes
1337 2544 1401 2581 az
1438 2527 1698 2594 orszagos
1734 2526 1950 2580 leveltat
1985 2526 2420 2594 meghatarozasa
2457 2526 2599 2580 utin.

1423 2763 1728 2827 CCCLV.

931 2940 1560 3024 Beszterczebdnya‚⁸
1581 2940 1779 3007 1465.
1828 2939 2075 3005 marcz.
2122 2940 2232 3006 30.

455 3081 666 3148 Matyzis
721 3080 888 3147 kinily
942 3080 1178 3134 Romaba
1233 3084 1439 3134 kiildott
1492 3085 1807 3134 kiiveteinek
1859 3079 1971 3148 iria,
2010 3084 2155 3149 hogy
2193 3099 2225 3134 a
2261 3084 2416 3135 torbk
2454 3097 2606 3147 sereg
2641 3095 2706 3132 az

451 3170 664 3224 alvidek
716 3168 1009 3238 pusztittisa
1064 3171 1188 3223 utan
1243 3170 1686 3239 Nandorfejerviu·
1722 3170 2015 3225 ostromasa
2050 3168 2379 3235 utasittatott‚
2413 3172 2640 3237 jelenleg
2679 3186 2707 3221 e

1088 3277 1241 3328 sereg
1278 3260 1512 3313 Szendro
1551 3263 1749 3314 mellett
1783 3260 2073 3314 taborozik.

669 3385 896 3438 Fraknoi
935 3386 1030 3439 V.:
1070 3388 1142 3441 M.
1181 3386 1251 3440 K.
1292 3389 1347 3442 L.
1386 3388 1449 3441 K.
1489 3387 1553 3440 O.
1592 3387 1629 3440 1.
1669 3389 1756 3441 83.

1423 3602 1754 3666 CCCLVI.

1172 3763 1430 3841 Szeben,
1476 3762 1675 3828 1467.
1724 3764 1847 3827 okt.
1896 3761 2003 3825 16.

452 3902 663 3970 Mityas
699 3903 883 3970 kiraly,
923 3904 1096 3970 Ujlaki
1133 3904 1326 3956 Miklos
1363 3903 1588 3956 Telcsak
1624 3905 1821 3956 orokos
1860 3903 2030 3971 grofja
2069 3901 2127 3955 es
2156 3901 2356 3954 macsoi
2383 3900 2490 3953 ban
2517 3901 2702 3954 sziwa-

453 3991 651 4045 revbeli
707 3996 944 4060 Apajocz
1000 3991 1214 4045 varosat
1251 3994 1448 4045 rendeli
1485 4020 1554 4031 -—-
1593 4010 1624 4044 a
1660 3996 1900 4044 torokkel
1937 3995 2110 4045 kotott
2146 3991 2278 4044 beke
2319 3990 2597 4044 tartamiua
2635 4019 2703 4029 —

1278 4085 1444 4134 kozos
1482 4080 1881 4149 vasarhelynek.

1528 4228 1921 4292 Commissio
1954 4228 2210 4310 propria
2239 4228 2483 4292 domini
2512 4229 2698 4309 regis,

669 4353 812 4417 Nos
845 4354 1125 4417 Mathias
1156 4352 1259 4416 dei
1290 4354 1495 4434 gratia
1528 4372 1642 4416 rex
1689 4354 2043 4435 Hungarie,
2075 4354 2414 4432 Dalmatie,
2446 4354 2702 4418 Croatie

450 4470 573 4526 etc.
653 4463 964 4527 memorie
1047 4463 1592 4527 commendamus
1675 4471 1901 4526 tenore
1982 4462 2383 4543 presentium
2469 4462 2704 4541 signifi·

455 4576 683 4632 cantes
730 4570 970 4650 quibus
1052 4570 1313 4650 expedit
1381 4570 1720 4647 universiS,
1800 4570 1978 4651 quod
2046 4588 2199 4632 cum
2263 4568 2552 4633 officium
2624 4570 2704 4632 sit

562 4703 915 4760 Mamur-azert>
943 4705 1346 4750 Osszekotteteeek
1373 4704 1674 4749 okleveltfira.
2420 4689 2487 4741 17
