3475 5200
1719 360 2060 413 ...68-

769 580 1081 642 nitionem
1127 579 1454 660 prescripti
1501 579 1835 642 monetarii
1868 597 2045 642 nunc
2077 581 2272 642 etiam
2307 580 2590 642 contenti
2624 580 3007 643 extitissent.

770 686 904 750 Sed
948 696 1082 749 tam
1131 689 1268 767 ipse
1314 686 1591 767 Symon,
1624 705 1825 766 quam
1872 688 2198 768 prescripti
2249 688 2580 750 monetarii
2616 705 2731 767 per
2763 688 3019 750 ordina-

768 795 1054 857 nativam
1105 796 1647 875 compositionem
1694 795 2012 857 dictorum
2062 794 2445 857 arbitrorum
2502 795 2708 857 taliter
2773 797 3015 858 interse

770 905 1300 979 concordassent,
1323 911 1394 965 ut
1415 904 1849 983 preallegatus
1881 901 2132 984 Symon
2166 902 2324 982 ipsis
2357 903 2730 965 monetariis
2765 905 3012 966 ratione

769 1012 1041 1091 pecunie
1060 1018 1384 1074 trecentos
1404 1011 1687 1074 florenos
1708 1011 1960 1073 solvere
1981 1009 2243 1072 deberet
2262 1010 2369 1071 tali
2390 1011 2631 1072 scilicet
2645 1010 3017 1073 conditione

766 1119 1037 1196 adiecta,
1073 1126 1144 1181 ut
1173 1119 1229 1181 si
1262 1119 1410 1182 dicti
1441 1120 1588 1219 equi
1634 1118 1869 1179 alicubi
1917 1124 2069 1179 ante
2116 1124 2378 1197 tempus
2426 1117 2767 1179 solutionis
2814 1117 3013 1179 dicta·
3070 1157 3085 1168 ι

768 1245 911 1289 rum
949 1226 1374 1307 pecuniarum
1407 1227 1658 1305 reperiri
1697 1231 1990 1306 possent,
2033 1233 2273 1287 extunc
2321 1224 2443 1304 ipsi
2488 1225 2823 1287 monetarii
2852 1242 3017 1286 una-

768 1351 919 1397 cum
967 1333 1201 1396 eodem
1248 1330 1541 1413 Symone
1605 1333 1690 1395 ad
1756 1334 2061 1396 iustitiam
2111 1334 2635 1413 prosequendam
2701 1333 2780 1394 de
2829 1333 3017 1396 dictis

765 1441 953 1521 equis
1015 1441 1364 1521 procedere
1428 1445 1815 1502 tenerentur.
1880 1440 2036 1503 Post
2092 1440 2400 1519 factoque
2446 1458 2601 1502 cum
2648 1439 2777 1502 iam
2836 1441 3015 1503 fatus

733 1546 1019 1626 ,symon
1068 1547 1422 1627 premissos
1470 1563 1678 1625 equos
1727 1547 1837 1609 ubi
1885 1547 2162 1610 fuissent
2210 1547 2613 1627 reperivisset
2646 1556 2709 1610 et
2741 1549 2867 1610 hoc
2899 1566 3019 1628 per

768 1661 981 1717 certos
1026 1655 1280 1717 nobiles
1330 1653 1485 1733 ipsis
1533 1655 1908 1717 monetariis
1949 1654 2317 1716 renuntiare
2350 1663 2666 1730 curasset,
2701 1663 2857 1718 tunc
2890 1657 3011 1737 ipsi

766 1759 1103 1824 monetarii
1160 1767 1352 1841 prout
1414 1761 1793 1823 debuissent
1841 1762 1925 1824 ad
1990 1760 2513 1841 prosecutionem
2579 1762 2747 1825 dicte
2812 1780 3015 1825 cause

768 1887 995 1932 eorum
1041 1872 1258 1934 venire
1305 1872 1684 1947 noluissent,
1717 1876 1907 1950 prout
1952 1869 2075 1930 hec
2122 1869 2414 1948 pluribus
2461 1870 2785 1932 nobilibus
2814 1872 3013 1933 comi-

765 1984 942 2039 tatus
987 1976 1491 2042 Sathmariensis
1540 1984 1916 2041 constarent
1962 1978 2309 2042 evidenter.
2362 1975 2578 2057 Super
2633 1995 2767 2056 quo
2814 1978 3011 2040 fideli·

765 2086 880 2147 tati
954 2093 1169 2149 vestre
1249 2086 1508 2149 firmiter
1593 2085 1983 2165 precipimus
2055 2092 2116 2146 et
2197 2085 2612 2162 mandamuS,
2684 2093 3013 2164 quatenus

768 2200 1055 2256 vestrum
1121 2194 1359 2256 mitatis
1424 2194 1756 2256 hominem
1820 2209 1937 2271 pro
1984 2192 2355 2254 testimonio
2402 2192 2826 2271 fidedignum,
2875 2212 3012 2273 quo

769 2307 1067 2379 presente
1114 2300 1419 2363 Clemens
1466 2300 1672 2362 Patho
1720 2300 1801 2361 de
1849 2299 2315 2379 Magasmarty,
2373 2302 2473 2361 vel
2521 2298 2863 2363 Ladislaus
2926 2301 3013 2363 de

768 2405 1029 2486 Wylak,
1078 2409 1174 2469 sin
1224 2407 1532 2469 Nicolaus
1562 2407 1642 2469 de
1676 2407 1962 2483 Remete,
2012 2424 2178 2468 neve
2227 2407 2565 2469 Ladislaus
2599 2406 2680 2468 de
2721 2407 3011 2484 Darathi,

768 2519 882 2574 aut
928 2514 1264 2577 Johannes
1312 2515 1481 2576 filius
1527 2515 1753 2577 Jacobi
1803 2515 1882 2576 de
1930 2515 2183 2590 eadem,
2231 2516 2333 2575 vel
2382 2514 2704 2593 Georgius
2744 2514 2825 2575 de
2864 2514 3008 2577 Vna

770 2620 907 2683 aliis
952 2622 1337 2684 absentibus
1384 2624 1585 2685 homo
1637 2629 1860 2685 noster
1907 2623 1990 2684 ab
2039 2620 2344 2685 omnibus
2413 2622 2652 2700 quibus
2718 2622 2904 2684 decet
2945 2631 3011 2685 et

767 2728 933 2806 licet,
984 2744 1228 2791 meram
1279 2730 1360 2792 de
1408 2729 1738 2810 premissis
1786 2730 2154 2809 experiatur
2197 2729 2555 2807 veritatem,
2623 2747 2820 2808 quasn
2868 2737 3009 2792 tan-

770 2838 919 2901 dem
967 2843 1188 2898 nostre
1235 2836 1501 2898 fideliter
1548 2836 1914 2899 rescribatis
1960 2837 2300 2898 maiestati.
2362 2836 2604 2899 Datum
2671 2836 2856 2900 Bude
2907 2855 3009 2900 se-

771 2944 988 3006 cundo
1022 2945 1124 3006 die
1178 2944 1325 3005 festi
1356 2944 1761 3006 ascensionis
1813 2943 2052 3006 domini
2100 2961 2276 3005 anno
2324 2943 2619 3006 eiusdem
2668 2945 3009 3007 millesimo

595 3034 691 3076 ¹⁴²¹
768 3051 1403 3130 quadringentesimo
1450 3052 1766 3131 vigesimo
1815 3053 2040 3130 primo.

562 3105 672 3159 maj.
704 3106 745 3149 2.

981 3191 1203 3252 Eredeti,
1241 3193 1404 3255 papir,
1443 3189 1672 3241 zarlatan
1711 3191 1891 3255 pecset
1928 3189 2293 3242 toredekeivel.
2344 3192 2543 3251 Lelesz,
2583 3192 2831 3242 Actorum
2885 3194 3009 3243 anni

774 3283 923 3332 1421.
970 3282 1048 3332 12.
1088 3296 1163 3331 sz.

1709 3515 2052 3578 CXXXIV.

1386 3694 1475 3757 H.
1525 3715 1612 3773 n.,
1659 3692 2108 3756 1422—1426
2151 3694 2365 3756 ko'riil.

767 3834 1075 3887 Lazarevics
1134 3833 1312 3886 Istvan
1356 3835 1474 3885 racz
1534 3834 1896 3899 deszpotanak
1949 3832 2255 3901 (Zsigmond
2295 3834 2459 3900 kiraly
2481 3836 2523 3900 Ρ)
2569 3852 2600 3887 a
2648 3830 3005 3888 Buchniafalvi

763 3925 955 3976 Tamais
983 3923 1327 3989 kanczellarja
1377 3922 1524 3990 utjan
1579 3923 1958 3975 hozzzikiildott
1983 3922 2330 3989 ajdndekokat
2382 3927 2745 3990 megkoszoni,
2782 3942 2815 3977 a
2852 3941 3005 3991 maga

763 4014 991 4066 resze'rol
1027 4002 1352 4065 viszonozia
1402 4029 1427 4063 s
1481 4011 1676 4076 felkeri,
1724 4015 1871 4079 hogy
1914 4015 2090 4080 jelolje
2138 4031 2272 4079 meg,
2316 4016 2473 4066 mivel
2509 4014 3003 4067 kedveskedhetnek

1565 4104 1683 4154 neki
1720 4100 2202 4169 Nemetorszitgbol.

1085 4232 1367 4295 Domino
1414 4229 1750 4311 Stephano
1803 4232 1978 4311 regni
2026 4232 2255 4295 Rascie
2303 4233 2602 4313 despoto.

913 4366 916 4369 *
976 4339 1237 4401 Illustris
1283 4341 1584 4420 princeps
1633 4348 1695 4400 et
1744 4340 2022 4402 domine.
2074 4338 2429 4420 Singularis
2478 4348 2691 4404 vestre
2758 4336 3001 4423 magni-

763 4448 1016 4509 ficentie
1062 4448 1343 4509 nobilem
1392 4447 1775 4526 magistrum
1823 4447 2150 4510 Thomam
2201 4448 2280 4510 de
2332 4445 2806 4512 Buchniafalva
2854 4467 3000 4511 can-

713 4600 724 4609 ·
760 4555 1066 4619 celarium
1115 4563 1177 4618 et
1224 4555 1489 4617 honoris
1535 4555 1728 4616 vestri
1778 4556 2086 4618 eximium
2137 4557 2486 4618 zelatorem
2560 4556 3002 4620 audivimuset
