<?xml version="1.0" encoding="UTF-8"?>
<!DOCTYPE html PUBLIC "-//W3C//DTD XHTML 1.0 Transitional//EN"
    "http://www.w3.org/TR/xhtml1/DTD/xhtml1-transitional.dtd">
<html xmlns="http://www.w3.org/1999/xhtml" xml:lang="en" lang="en">
 <head>
  <title>
</title>
<meta http-equiv="Content-Type" content="text/html;charset=utf-8" />
  <meta name='ocr-system' content='tesseract 3.04.00' />
  <meta name='ocr-capabilities' content='ocr_page ocr_carea ocr_par ocr_line ocrx_word'/>
</head>
<body>
  <div class='ocr_page' id='page_1' title='image "./codexdiplomatic00horvgoog_0466.png"; bbox 0 0 3475 5200; ppageno 0'>
   <div class='ocr_carea' id='block_1_1' title="bbox 609 1829 714 1873">
    <p class='ocr_par' dir='ltr' id='par_1_1' title="bbox 609 1829 714 1873">
     <span class='ocr_line' id='line_1_1' title="bbox 609 1829 714 1873; baseline -0.038 0"><span class='ocrx_word' id='word_1_1' title='bbox 609 1829 714 1873; x_wconf 68' lang='lat' dir='ltr'><strong>iffi]</strong></span> 
     </span>
    </p>
   </div>
   <div class='ocr_carea' id='block_1_2' title="bbox 581 1893 758 1901">
    <p class='ocr_par' dir='ltr' id='par_1_2' title="bbox 581 1893 758 1901">
     <span class='ocr_line' id='line_1_2' title="bbox 581 1893 758 1901; baseline 0 3299"><span class='ocrx_word' id='word_1_2' title='bbox 581 1893 758 1901; x_wconf 95' lang='lat' dir='ltr'><strong> </strong></span> 
     </span>
    </p>
   </div>
   <div class='ocr_carea' id='block_1_3' title="bbox 561 1909 738 1961">
    <p class='ocr_par' dir='ltr' id='par_1_3' title="bbox 561 1909 738 1961">
     <span class='ocr_line' id='line_1_3' title="bbox 561 1909 738 1961; baseline 0 -12"><span class='ocrx_word' id='word_1_3' title='bbox 561 1909 666 1961; x_wconf 59' lang='grc' dir='ltr'><strong>ΔΙΓιξιιὶ,</strong></span> <span class='ocrx_word' id='word_1_4' title='bbox 698 1913 738 1949; x_wconf 70' lang='grc' dir='ltr'><strong>ἢ,</strong></span> 
     </span>
    </p>
   </div>
   <div class='ocr_carea' id='block_1_4' title="bbox 778 582 3037 3350">
    <p class='ocr_par' dir='ltr' id='par_1_4' title="bbox 778 582 3035 1987">
     <span class='ocr_line' id='line_1_4' title="bbox 782 582 3029 659; baseline -0 -14"><span class='ocrx_word' id='word_1_5' title='bbox 782 585 862 645; x_wconf 84' lang='lat' dir='ltr'><strong>Et</strong></span> <span class='ocrx_word' id='word_1_6' title='bbox 910 585 1078 642; x_wconf 68' lang='lat' dir='ltr'><strong>sicut</strong></span> <span class='ocrx_word' id='word_1_7' title='bbox 1126 583 1405 645; x_wconf 78' lang='lat' dir='ltr'>diximus</span> <span class='ocrx_word' id='word_1_8' title='bbox 1451 584 1537 643; x_wconf 91' lang='lat' dir='ltr'><strong>ab</strong></span> <span class='ocrx_word' id='word_1_9' title='bbox 1587 584 1809 644; x_wconf 88' lang='lat' dir='ltr'><strong>itinere</strong></span> <span class='ocrx_word' id='word_1_10' title='bbox 1859 583 2287 644; x_wconf 78' lang='lat' dir='ltr'>cessavimus.</span> <span class='ocrx_word' id='word_1_11' title='bbox 2338 582 2422 644; x_wconf 92' lang='lat' dir='ltr'><strong>Et</strong></span> <span class='ocrx_word' id='word_1_12' title='bbox 2475 583 2526 644; x_wconf 90' lang='lat' dir='ltr'><strong>si</strong></span> <span class='ocrx_word' id='word_1_13' title='bbox 2578 600 2852 645; x_wconf 88' lang='lat' dir='ltr'><strong>necesse</strong></span> <span class='ocrx_word' id='word_1_14' title='bbox 2898 584 3029 659; x_wconf 90' lang='lat' dir='ltr'><strong>erit,</strong></span> 
     </span>
     <span class='ocr_line' id='line_1_5' title="bbox 778 690 3032 769; baseline 0.001 -21"><span class='ocrx_word' id='word_1_15' title='bbox 778 709 1126 769; x_wconf 73' lang='lat' dir='ltr'><strong>speramus</strong></span> <span class='ocrx_word' id='word_1_16' title='bbox 1158 693 1221 750; x_wconf 87' lang='lat' dir='ltr'><strong>in</strong></span> <span class='ocrx_word' id='word_1_17' title='bbox 1264 690 1390 752; x_wconf 90' lang='lat' dir='ltr'><strong>deo</strong></span> <span class='ocrx_word' id='word_1_18' title='bbox 1439 692 1617 769; x_wconf 90' lang='lat' dir='ltr'><strong>quod</strong></span> <span class='ocrx_word' id='word_1_19' title='bbox 1658 698 1732 754; x_wconf 82' lang='lat' dir='ltr'><strong>et.</strong></span> <span class='ocrx_word' id='word_1_20' title='bbox 1769 707 1892 752; x_wconf 89' lang='lat' dir='ltr'><strong>nos</strong></span> <span class='ocrx_word' id='word_1_21' title='bbox 1925 707 2005 751; x_wconf 89' lang='lat' dir='ltr'><strong>eo</strong></span> <span class='ocrx_word' id='word_1_22' title='bbox 2058 696 2352 769; x_wconf 88' lang='lat' dir='ltr'><strong>tempore</strong></span> <span class='ocrx_word' id='word_1_23' title='bbox 2387 732 2669 747; x_wconf 92' lang='grc'><strong>.....</strong></span> <span class='ocrx_word' id='word_1_24' title='bbox 2719 690 3032 769; x_wconf 79' lang='lat' dir='ltr'><strong>Zagrabia</strong></span> 
     </span>
     <span class='ocr_line' id='line_1_6' title="bbox 778 796 3032 876; baseline 0.001 -19"><span class='ocrx_word' id='word_1_25' title='bbox 778 797 1022 857; x_wconf 77' lang='lat' dir='ltr'><strong>erimus</strong></span> <span class='ocrx_word' id='word_1_26' title='bbox 1077 801 1174 857; x_wconf 71' lang='lat' dir='ltr'><strong>vel</strong></span> <span class='ocrx_word' id='word_1_27' title='bbox 1222 797 1413 859; x_wconf 87' lang='lat' dir='ltr'><strong>etiam</strong></span> <span class='ocrx_word' id='word_1_28' title='bbox 1447 814 1530 859; x_wconf 90' lang='lat' dir='ltr'><strong>ex</strong></span> <span class='ocrx_word' id='word_1_29' title='bbox 1576 797 1679 859; x_wconf 87' lang='lat' dir='ltr'><strong>illa</strong></span> <span class='ocrx_word' id='word_1_30' title='bbox 1720 805 1902 876; x_wconf 87' lang='lat' dir='ltr'><strong>parte</strong></span> <span class='ocrx_word' id='word_1_31' title='bbox 1947 796 2152 873; x_wconf 89' lang='lat' dir='ltr'><strong>Zave;</strong></span> <span class='ocrx_word' id='word_1_32' title='bbox 2205 796 2472 876; x_wconf 90' lang='lat' dir='ltr'><strong>quando</strong></span> <span class='ocrx_word' id='word_1_33' title='bbox 2519 796 2690 859; x_wconf 91' lang='lat' dir='ltr'><strong>idem</strong></span> <span class='ocrx_word' id='word_1_34' title='bbox 2737 797 3032 859; x_wconf 84' lang='lat' dir='ltr'>Andreas</span> 
     </span>
     <span class='ocr_line' id='line_1_7' title="bbox 778 903 3032 983; baseline 0 -18"><span class='ocrx_word' id='word_1_35' title='bbox 778 905 950 965; x_wconf 80' lang='lat' dir='ltr'><strong>Both</strong></span> <span class='ocrx_word' id='word_1_36' title='bbox 1002 905 1267 981; x_wconf 75' lang='lat' dir='ltr'><strong>attinget</strong></span> <span class='ocrx_word' id='word_1_37' title='bbox 1312 903 1557 968; x_wconf 89' lang='lat' dir='ltr'><strong>vadum</strong></span> <span class='ocrx_word' id='word_1_38' title='bbox 1603 904 1800 981; x_wconf 87' lang='lat' dir='ltr'><strong>Zave‚</strong></span> <span class='ocrx_word' id='word_1_39' title='bbox 1832 911 2054 966; x_wconf 87' lang='lat' dir='ltr'><strong>tamen</strong></span> <span class='ocrx_word' id='word_1_40' title='bbox 2102 904 2324 966; x_wconf 90' lang='lat' dir='ltr'><strong>omnia</strong></span> <span class='ocrx_word' id='word_1_41' title='bbox 2363 904 2486 966; x_wconf 90' lang='lat' dir='ltr'><strong>ista</strong></span> <span class='ocrx_word' id='word_1_42' title='bbox 2522 906 3032 983; x_wconf 82' lang='lat' dir='ltr'><strong>expectabamus</strong></span> 
     </span>
     <span class='ocr_line' id='line_1_8' title="bbox 778 1011 3033 1092; baseline 0 -19"><span class='ocrx_word' id='word_1_43' title='bbox 778 1029 822 1073; x_wconf 81' lang='lat' dir='ltr'><strong>a</strong></span> <span class='ocrx_word' id='word_1_44' title='bbox 854 1021 1070 1073; x_wconf 68' lang='lat' dir='ltr'><strong>vestra</strong></span> <span class='ocrx_word' id='word_1_45' title='bbox 1118 1011 1613 1091; x_wconf 82' lang='lat' dir='ltr'><strong>magnificentia,</strong></span> <span class='ocrx_word' id='word_1_46' title='bbox 1665 1029 1790 1073; x_wconf 91' lang='lat' dir='ltr'><strong>nos</strong></span> <span class='ocrx_word' id='word_1_47' title='bbox 1849 1021 2021 1074; x_wconf 88' lang='lat' dir='ltr'><strong>certe</strong></span> <span class='ocrx_word' id='word_1_48' title='bbox 2058 1029 2175 1092; x_wconf 89' lang='lat' dir='ltr'><strong>pro</strong></span> <span class='ocrx_word' id='word_1_49' title='bbox 2225 1013 2473 1075; x_wconf 87' lang='lat' dir='ltr'>honore</span> <span class='ocrx_word' id='word_1_50' title='bbox 2530 1020 2746 1074; x_wconf 86' lang='lat' dir='ltr'>vestre</span> <span class='ocrx_word' id='word_1_51' title='bbox 2792 1014 3033 1092; x_wconf 86' lang='lat' dir='ltr'><strong>magni—</strong></span> 
     </span>
     <span class='ocr_line' id='line_1_9' title="bbox 782 1121 3031 1200; baseline 0 -21"><span class='ocrx_word' id='word_1_52' title='bbox 782 1121 1038 1181; x_wconf 74' lang='lat' dir='ltr'><strong>ficentie</strong></span> <span class='ocrx_word' id='word_1_53' title='bbox 1109 1121 1504 1198; x_wconf 79' lang='lat' dir='ltr'><strong>laboramuS,</strong></span> <span class='ocrx_word' id='word_1_54' title='bbox 1568 1128 1630 1183; x_wconf 90' lang='lat' dir='ltr'><strong>et</strong></span> <span class='ocrx_word' id='word_1_55' title='bbox 1688 1122 1884 1199; x_wconf 90' lang='lat' dir='ltr'><strong>longe</strong></span> <span class='ocrx_word' id='word_1_56' title='bbox 1950 1121 2130 1182; x_wconf 90' lang='lat' dir='ltr'><strong>aliter</strong></span> <span class='ocrx_word' id='word_1_57' title='bbox 2189 1127 2747 1200; x_wconf 80' lang='lat' dir='ltr'><strong>expectassemuS,</strong></span> <span class='ocrx_word' id='word_1_58' title='bbox 2820 1127 2893 1180; x_wconf 92' lang='lat' dir='ltr'><strong>ut</strong></span> <span class='ocrx_word' id='word_1_59' title='bbox 2950 1121 3031 1181; x_wconf 90' lang='lat' dir='ltr'><strong>ad</strong></span> 
     </span>
     <span class='ocr_line' id='line_1_10' title="bbox 782 1225 3031 1306; baseline 0.002 -21"><span class='ocrx_word' id='word_1_60' title='bbox 782 1245 906 1285; x_wconf 72' lang='lat' dir='ltr'><strong>nos</strong></span> <span class='ocrx_word' id='word_1_61' title='bbox 954 1228 1380 1289; x_wconf 74' lang='lat' dir='ltr'><strong>ostenderetis</strong></span> <span class='ocrx_word' id='word_1_62' title='bbox 1426 1228 1773 1289; x_wconf 85' lang='lat' dir='ltr'><strong>amicitiam</strong></span> <span class='ocrx_word' id='word_1_63' title='bbox 1839 1237 2125 1290; x_wconf 88' lang='lat' dir='ltr'><strong>vestram</strong></span> <span class='ocrx_word' id='word_1_64' title='bbox 2174 1244 2327 1306; x_wconf 90' lang='lat' dir='ltr'><strong>erga</strong></span> <span class='ocrx_word' id='word_1_65' title='bbox 2371 1244 2497 1288; x_wconf 90' lang='lat' dir='ltr'><strong>nos</strong></span> <span class='ocrx_word' id='word_1_66' title='bbox 2543 1226 2850 1288; x_wconf 83' lang='lat' dir='ltr'><strong>habitam.</strong></span> <span class='ocrx_word' id='word_1_67' title='bbox 2904 1225 3031 1289; x_wconf 86' lang='lat' dir='ltr'><strong>Sed</strong></span> 
     </span>
     <span class='ocr_line' id='line_1_11' title="bbox 778 1333 3033 1414; baseline 0.001 -21"><span class='ocrx_word' id='word_1_68' title='bbox 778 1333 834 1393; x_wconf 71' lang='lat' dir='ltr'><strong>si</strong></span> <span class='ocrx_word' id='word_1_69' title='bbox 870 1337 998 1393; x_wconf 80' lang='lat' dir='ltr'><strong>iam</strong></span> <span class='ocrx_word' id='word_1_70' title='bbox 1046 1337 1222 1397; x_wconf 83' lang='lat' dir='ltr'><strong>aliter</strong></span> <span class='ocrx_word' id='word_1_71' title='bbox 1266 1351 1396 1396; x_wconf 93' lang='lat' dir='ltr'><strong>non</strong></span> <span class='ocrx_word' id='word_1_72' title='bbox 1445 1342 1661 1414; x_wconf 88' lang='lat' dir='ltr'><strong>potest</strong></span> <span class='ocrx_word' id='word_1_73' title='bbox 1693 1335 1849 1411; x_wconf 89' lang='lat' dir='ltr'><strong>fieri,</strong></span> <span class='ocrx_word' id='word_1_74' title='bbox 1883 1341 2181 1414; x_wconf 88' lang='lat' dir='ltr'><strong>opportet</strong></span> <span class='ocrx_word' id='word_1_75' title='bbox 2214 1353 2339 1397; x_wconf 92' lang='lat' dir='ltr'><strong>nos</strong></span> <span class='ocrx_word' id='word_1_76' title='bbox 2375 1336 2558 1397; x_wconf 90' lang='lat' dir='ltr'><strong>solos</strong></span> <span class='ocrx_word' id='word_1_77' title='bbox 2595 1333 2679 1395; x_wconf 91' lang='lat' dir='ltr'><strong>ad</strong></span> <span class='ocrx_word' id='word_1_78' title='bbox 2719 1336 3033 1397; x_wconf 87' lang='lat' dir='ltr'>honorem</span> 
     </span>
     <span class='ocr_line' id='line_1_12' title="bbox 785 1441 3034 1522; baseline 0.001 -21"><span class='ocrx_word' id='word_1_79' title='bbox 785 1453 1082 1501; x_wconf 71' lang='lat' dir='ltr'><strong>nostrum</strong></span> <span class='ocrx_word' id='word_1_80' title='bbox 1122 1441 1486 1521; x_wconf 84' lang='lat' dir='ltr'><strong>invigillare.</strong></span> <span class='ocrx_word' id='word_1_81' title='bbox 1547 1442 1801 1503; x_wconf 88' lang='lat' dir='ltr'><strong>Tamen</strong></span> <span class='ocrx_word' id='word_1_82' title='bbox 1852 1459 1983 1505; x_wconf 89' lang='lat' dir='ltr'><strong>non</strong></span> <span class='ocrx_word' id='word_1_83' title='bbox 2017 1442 2344 1505; x_wconf 87' lang='lat' dir='ltr'><strong>deerimus</strong></span> <span class='ocrx_word' id='word_1_84' title='bbox 2367 1458 2493 1504; x_wconf 90' lang='lat' dir='ltr'><strong>nos</strong></span> <span class='ocrx_word' id='word_1_85' title='bbox 2524 1442 2589 1503; x_wconf 88' lang='lat' dir='ltr'><strong>in</strong></span> <span class='ocrx_word' id='word_1_86' title='bbox 2628 1443 2807 1505; x_wconf 92' lang='lat' dir='ltr'><strong>nullo</strong></span> <span class='ocrx_word' id='word_1_87' title='bbox 2835 1459 3034 1522; x_wconf 87' lang='lat' dir='ltr'><strong>penes</strong></span> 
     </span>
     <span class='ocr_line' id='line_1_13' title="bbox 782 1549 3032 1625; baseline 0.001 -16"><span class='ocrx_word' id='word_1_88' title='bbox 782 1549 1098 1609; x_wconf 74' lang='lat' dir='ltr'><strong>honorem</strong></span> <span class='ocrx_word' id='word_1_89' title='bbox 1138 1557 1445 1625; x_wconf 64' lang='lat' dir='ltr'><strong>vestrum,</strong></span> <span class='ocrx_word' id='word_1_90' title='bbox 1495 1549 1548 1611; x_wconf 91' lang='lat' dir='ltr'><strong>si</strong></span> <span class='ocrx_word' id='word_1_91' title='bbox 1583 1567 1857 1612; x_wconf 88' lang='lat' dir='ltr'><strong>necesse</strong></span> <span class='ocrx_word' id='word_1_92' title='bbox 1890 1551 2005 1611; x_wconf 89' lang='lat' dir='ltr'><strong>erit</strong></span> <span class='ocrx_word' id='word_1_93' title='bbox 2038 1558 2264 1611; x_wconf 91' lang='lat' dir='ltr'><strong>contra</strong></span> <span class='ocrx_word' id='word_1_94' title='bbox 2308 1550 2488 1612; x_wconf 91' lang='lat' dir='ltr'><strong>illum</strong></span> <span class='ocrx_word' id='word_1_95' title='bbox 2519 1550 2769 1612; x_wconf 91' lang='lat' dir='ltr'><strong>bonum</strong></span> <span class='ocrx_word' id='word_1_96' title='bbox 2807 1551 3032 1625; x_wconf 84' lang='lat' dir='ltr'><strong>virum,</strong></span> 
     </span>
     <span class='ocr_line' id='line_1_14' title="bbox 786 1652 3031 1737; baseline -0.001 -20"><span class='ocrx_word' id='word_1_97' title='bbox 786 1661 964 1733; x_wconf 70' lang='lat' dir='ltr'><strong>quod</strong></span> <span class='ocrx_word' id='word_1_98' title='bbox 1014 1657 1284 1737; x_wconf 79' lang='lat' dir='ltr'><strong>pertinet</strong></span> <span class='ocrx_word' id='word_1_99' title='bbox 1329 1657 1414 1718; x_wconf 90' lang='lat' dir='ltr'><strong>ad</strong></span> <span class='ocrx_word' id='word_1_100' title='bbox 1459 1658 1545 1719; x_wconf 88' lang='lat' dir='ltr'><strong>ad</strong></span> <span class='ocrx_word' id='word_1_101' title='bbox 1592 1652 1666 1735; x_wconf 90' lang='lat' dir='ltr'><strong>(l)</strong></span> <span class='ocrx_word' id='word_1_102' title='bbox 1713 1658 1965 1719; x_wconf 92' lang='lat' dir='ltr'><strong>bonum</strong></span> <span class='ocrx_word' id='word_1_103' title='bbox 2014 1664 2078 1719; x_wconf 90' lang='lat' dir='ltr'><strong>et</strong></span> <span class='ocrx_word' id='word_1_104' title='bbox 2125 1658 2345 1719; x_wconf 89' lang='lat' dir='ltr'><strong>utilem</strong></span> <span class='ocrx_word' id='word_1_105' title='bbox 2393 1657 2679 1719; x_wconf 89' lang='lat' dir='ltr'><strong>amicum</strong></span> <span class='ocrx_word' id='word_1_106' title='bbox 2726 1666 3031 1718; x_wconf 88' lang='lat' dir='ltr'><strong>vestrum.</strong></span> 
     </span>
     <span class='ocr_line' id='line_1_15' title="bbox 786 1761 3035 1844; baseline 0 -19"><span class='ocrx_word' id='word_1_107' title='bbox 786 1761 1216 1841; x_wconf 71' lang='lat' dir='ltr'><strong>Eandemque</strong></span> <span class='ocrx_word' id='word_1_108' title='bbox 1262 1764 1502 1843; x_wconf 90' lang='lat' dir='ltr'><strong>optime</strong></span> <span class='ocrx_word' id='word_1_109' title='bbox 1552 1766 1768 1826; x_wconf 89' lang='lat' dir='ltr'><strong>valere</strong></span> <span class='ocrx_word' id='word_1_110' title='bbox 1809 1771 2116 1844; x_wconf 84' lang='lat' dir='ltr'><strong>optamus</strong></span> <span class='ocrx_word' id='word_1_111' title='bbox 2148 1781 2232 1826; x_wconf 90' lang='lat' dir='ltr'><strong>ex</strong></span> <span class='ocrx_word' id='word_1_112' title='bbox 2263 1764 2455 1842; x_wconf 90' lang='lat' dir='ltr'><strong>Brod,</strong></span> <span class='ocrx_word' id='word_1_113' title='bbox 2504 1764 2567 1826; x_wconf 92' lang='lat' dir='ltr'><strong>in</strong></span> <span class='ocrx_word' id='word_1_114' title='bbox 2609 1763 2779 1826; x_wconf 83' lang='lat' dir='ltr'><strong>festo</strong></span> <span class='ocrx_word' id='word_1_115' title='bbox 2826 1782 3035 1826; x_wconf 90' lang='lat' dir='ltr'><strong>sacra-</strong></span> 
     </span>
     <span class='ocr_line' id='line_1_16' title="bbox 786 1871 3033 1987; baseline -0.001 -54"><span class='ocrx_word' id='word_1_116' title='bbox 786 1873 1010 1933; x_wconf 71' lang='lat' dir='ltr'><strong>tissimi</strong></span> <span class='ocrx_word' id='word_1_117' title='bbox 1062 1871 1347 1949; x_wconf 71' lang='lat' dir='ltr'><strong>corporis</strong></span> <span class='ocrx_word' id='word_1_118' title='bbox 1395 1872 1652 1948; x_wconf 85' lang='lat' dir='ltr'><strong>Christi,</strong></span> <span class='ocrx_word' id='word_1_119' title='bbox 1709 1872 1896 1935; x_wconf 87' lang='lat'><strong>1509.</strong></span> <span class='ocrx_word' id='word_1_120' title='bbox 2319 1907 2654 1969; x_wconf 66' lang='lat' dir='ltr'>johannes</span> <span class='ocrx_word' id='word_1_121' title='bbox 2701 1907 3033 1987; x_wconf 60' lang='lat' dir='ltr'><strong>despotus⁶</strong></span> 
     </span>
    </p>

    <p class='ocr_par' dir='ltr' id='par_1_5' title="bbox 790 2065 3037 3005">
     <span class='ocr_line' id='line_1_17' title="bbox 1006 2065 3034 2149; baseline 0 -20"><span class='ocrx_word' id='word_1_122' title='bbox 1006 2065 1235 2129; x_wconf 67' lang='lat' dir='ltr'><strong>Kirfil:</strong></span> <span class='ocrx_word' id='word_1_123' title='bbox 1286 2068 1442 2129; x_wconf 79' lang='lat' dir='ltr'><strong>Item</strong></span> <span class='ocrx_word' id='word_1_124' title='bbox 1492 2067 1686 2131; x_wconf 89' lang='lat' dir='ltr'><strong>etiam</strong></span> <span class='ocrx_word' id='word_1_125' title='bbox 1733 2085 2099 2148; x_wconf 89' lang='lat' dir='ltr'><strong>possumus</strong></span> <span class='ocrx_word' id='word_1_126' title='bbox 2154 2067 2434 2131; x_wconf 90' lang='lat' dir='ltr'><strong>scribere</strong></span> <span class='ocrx_word' id='word_1_127' title='bbox 2480 2076 2693 2130; x_wconf 88' lang='lat' dir='ltr'><strong>vestre</strong></span> <span class='ocrx_word' id='word_1_128' title='bbox 2743 2070 3034 2149; x_wconf 83' lang='lat' dir='ltr'><strong>magnifi-</strong></span> 
     </span>
     <span class='ocr_line' id='line_1_18' title="bbox 790 2174 3036 2256; baseline -0 -19"><span class='ocrx_word' id='word_1_129' title='bbox 790 2181 1018 2249; x_wconf 43' lang='lat' dir='ltr'><strong>centie.</strong></span> <span class='ocrx_word' id='word_1_130' title='bbox 1074 2185 1138 2237; x_wconf 86' lang='lat' dir='ltr'><strong>ut</strong></span> <span class='ocrx_word' id='word_1_131' title='bbox 1189 2184 1409 2238; x_wconf 90' lang='lat' dir='ltr'><strong>noster</strong></span> <span class='ocrx_word' id='word_1_132' title='bbox 1453 2177 1822 2256; x_wconf 86' lang='lat' dir='ltr'><strong>explorator</strong></span> <span class='ocrx_word' id='word_1_133' title='bbox 1860 2193 2012 2238; x_wconf 92' lang='lat' dir='ltr'><strong>cum</strong></span> <span class='ocrx_word' id='word_1_134' title='bbox 2047 2176 2253 2238; x_wconf 91' lang='lat' dir='ltr'><strong>oculis</strong></span> <span class='ocrx_word' id='word_1_135' title='bbox 2282 2175 2458 2250; x_wconf 90' lang='lat' dir='ltr'><strong>vidit,</strong></span> <span class='ocrx_word' id='word_1_136' title='bbox 2494 2182 2567 2235; x_wconf 90' lang='lat' dir='ltr'><strong>ut</strong></span> <span class='ocrx_word' id='word_1_137' title='bbox 2597 2174 3036 2245; x_wconf 84' lang='lat' dir='ltr'><strong>Christosorus</strong></span> 
     </span>
     <span class='ocr_line' id='line_1_19' title="bbox 790 2282 3036 2361; baseline -0 -16"><span class='ocrx_word' id='word_1_138' title='bbox 790 2285 1078 2345; x_wconf 75' lang='lat' dir='ltr'><strong>literatus</strong></span> <span class='ocrx_word' id='word_1_139' title='bbox 1126 2282 1410 2345; x_wconf 78' lang='lat' dir='ltr'><strong>obviavit</strong></span> <span class='ocrx_word' id='word_1_140' title='bbox 1453 2283 1713 2345; x_wconf 89' lang='lat' dir='ltr'><strong>Andree</strong></span> <span class='ocrx_word' id='word_1_141' title='bbox 1770 2283 1937 2345; x_wconf 91' lang='lat' dir='ltr'><strong>Both</strong></span> <span class='ocrx_word' id='word_1_142' title='bbox 1985 2283 2050 2345; x_wconf 91' lang='lat' dir='ltr'><strong>in</strong></span> <span class='ocrx_word' id='word_1_143' title='bbox 2099 2282 2549 2361; x_wconf 88' lang='lat' dir='ltr'><strong>Werhowyna</strong></span> <span class='ocrx_word' id='word_1_144' title='bbox 2596 2291 2659 2344; x_wconf 88' lang='lat' dir='ltr'><strong>et</strong></span> <span class='ocrx_word' id='word_1_145' title='bbox 2713 2284 2863 2361; x_wconf 91' lang='lat' dir='ltr'><strong>plus</strong></span> <span class='ocrx_word' id='word_1_146' title='bbox 2909 2300 3036 2345; x_wconf 88' lang='lat' dir='ltr'><strong>non</strong></span> 
     </span>
     <span class='ocr_line' id='line_1_20' title="bbox 794 2388 3034 2453; baseline 0 -4"><span class='ocrx_word' id='word_1_147' title='bbox 794 2393 1086 2453; x_wconf 63' lang='lat' dir='ltr'><strong>tractavit</strong></span> <span class='ocrx_word' id='word_1_148' title='bbox 1150 2408 1377 2453; x_wconf 75' lang='lat' dir='ltr'><strong>secum</strong></span> <span class='ocrx_word' id='word_1_149' title='bbox 1442 2390 1563 2451; x_wconf 89' lang='lat' dir='ltr'><strong>nisi</strong></span> <span class='ocrx_word' id='word_1_150' title='bbox 1628 2390 1712 2451; x_wconf 89' lang='lat' dir='ltr'><strong>ad</strong></span> <span class='ocrx_word' id='word_1_151' title='bbox 1760 2390 1930 2451; x_wconf 89' lang='lat' dir='ltr'><strong>duas</strong></span> <span class='ocrx_word' id='word_1_152' title='bbox 1983 2391 2084 2451; x_wconf 93' lang='lat' dir='ltr'><strong>vel</strong></span> <span class='ocrx_word' id='word_1_153' title='bbox 2132 2397 2261 2451; x_wconf 89' lang='lat' dir='ltr'><strong>tres</strong></span> <span class='ocrx_word' id='word_1_154' title='bbox 2305 2389 2522 2451; x_wconf 90' lang='lat' dir='ltr'><strong>horas.</strong></span> <span class='ocrx_word' id='word_1_155' title='bbox 2599 2388 2756 2450; x_wconf 90' lang='lat' dir='ltr'><strong>Mox</strong></span> <span class='ocrx_word' id='word_1_156' title='bbox 2781 2434 3034 2450; x_wconf 90' lang='grc'><strong>.......</strong></span> 
     </span>
     <span class='ocr_line' id='line_1_21' title="bbox 794 2496 3032 2578; baseline 0 -21"><span class='ocrx_word' id='word_1_157' title='bbox 794 2501 1010 2577; x_wconf 66' lang='lat' dir='ltr'><strong>ipsum</strong></span> <span class='ocrx_word' id='word_1_158' title='bbox 1078 2498 1314 2560; x_wconf 74' lang='lat' dir='ltr'><strong>remisit</strong></span> <span class='ocrx_word' id='word_1_159' title='bbox 1380 2498 1464 2559; x_wconf 90' lang='lat' dir='ltr'><strong>ad</strong></span> <span class='ocrx_word' id='word_1_160' title='bbox 1527 2497 1869 2559; x_wconf 90' lang='lat' dir='ltr'><strong>dominum</strong></span> <span class='ocrx_word' id='word_1_161' title='bbox 1941 2498 2297 2578; x_wconf 88' lang='lat' dir='ltr'><strong>palatinum</strong></span> <span class='ocrx_word' id='word_1_162' title='bbox 2356 2505 2420 2559; x_wconf 92' lang='lat' dir='ltr'><strong>et</strong></span> <span class='ocrx_word' id='word_1_163' title='bbox 2481 2496 2823 2559; x_wconf 89' lang='lat' dir='ltr'><strong>dominum</strong></span> <span class='ocrx_word' id='word_1_164' title='bbox 2874 2499 3032 2577; x_wconf 89' lang='lat' dir='ltr'><strong>epis-</strong></span> 
     </span>
     <span class='ocr_line' id='line_1_22' title="bbox 794 2604 3037 2686; baseline -0.001 -17"><span class='ocrx_word' id='word_1_165' title='bbox 794 2625 1058 2685; x_wconf 61' lang='lat' dir='ltr'><strong>copum,</strong></span> <span class='ocrx_word' id='word_1_166' title='bbox 1094 2617 1310 2668; x_wconf 75' lang='lat' dir='ltr'><strong>tamen</strong></span> <span class='ocrx_word' id='word_1_167' title='bbox 1345 2607 1595 2686; x_wconf 88' lang='lat' dir='ltr'><strong>ignorat</strong></span> <span class='ocrx_word' id='word_1_168' title='bbox 1662 2605 1747 2667; x_wconf 93' lang='lat' dir='ltr'><strong>ad</strong></span> <span class='ocrx_word' id='word_1_169' title='bbox 1793 2608 2052 2685; x_wconf 88' lang='lat' dir='ltr'><strong>qualem</strong></span> <span class='ocrx_word' id='word_1_170' title='bbox 2101 2606 2496 2668; x_wconf 86' lang='lat' dir='ltr'><strong>relationem.</strong></span> <span class='ocrx_word' id='word_1_171' title='bbox 2559 2604 2691 2668; x_wconf 87' lang='lat' dir='ltr'><strong>Sed</strong></span> <span class='ocrx_word' id='word_1_172' title='bbox 2748 2607 3037 2667; x_wconf 87' lang='lat' dir='ltr'><strong>dubitant</strong></span> 
     </span>
     <span class='ocr_line' id='line_1_23' title="bbox 794 2713 3032 2793; baseline 0 -20"><span class='ocrx_word' id='word_1_173' title='bbox 794 2717 878 2773; x_wconf 77' lang='lat' dir='ltr'><strong>de</strong></span> <span class='ocrx_word' id='word_1_174' title='bbox 914 2758 1286 2771; x_wconf 90' lang='grc'>........</span> <span class='ocrx_word' id='word_1_175' title='bbox 1352 2720 1423 2774; x_wconf 90' lang='lat' dir='ltr'><strong>ut</strong></span> <span class='ocrx_word' id='word_1_176' title='bbox 1469 2714 1608 2793; x_wconf 91' lang='lat' dir='ltr'><strong>ipse</strong></span> <span class='ocrx_word' id='word_1_177' title='bbox 1674 2713 1938 2775; x_wconf 90' lang='lat' dir='ltr'><strong>audivit.</strong></span> <span class='ocrx_word' id='word_1_178' title='bbox 1997 2713 2149 2775; x_wconf 93' lang='lat' dir='ltr'><strong>Ideo</strong></span> <span class='ocrx_word' id='word_1_179' title='bbox 2216 2714 2464 2775; x_wconf 91' lang='lat' dir='ltr'><strong>bonum</strong></span> <span class='ocrx_word' id='word_1_180' title='bbox 2530 2721 2631 2776; x_wconf 90' lang='lat' dir='ltr'><strong>est</strong></span> <span class='ocrx_word' id='word_1_181' title='bbox 2696 2713 3032 2792; x_wconf 88' lang='lat' dir='ltr'><strong>invigilare,</strong></span> 
     </span>
     <span class='ocr_line' id='line_1_24' title="bbox 798 2819 3035 2900; baseline -0.001 -18"><span class='ocrx_word' id='word_1_182' title='bbox 798 2834 866 2882; x_wconf 75' lang='lat' dir='ltr'><strong>ut</strong></span> <span class='ocrx_word' id='word_1_183' title='bbox 918 2822 1219 2898; x_wconf 71' lang='lat' dir='ltr'><strong>diximus,</strong></span> <span class='ocrx_word' id='word_1_184' title='bbox 1291 2827 1354 2881; x_wconf 89' lang='lat' dir='ltr'><strong>et</strong></span> <span class='ocrx_word' id='word_1_185' title='bbox 1410 2822 1600 2883; x_wconf 91' lang='lat' dir='ltr'><strong>nobis</strong></span> <span class='ocrx_word' id='word_1_186' title='bbox 1665 2820 1818 2882; x_wconf 91' lang='lat' dir='ltr'><strong>nihil</strong></span> <span class='ocrx_word' id='word_1_187' title='bbox 1867 2821 2067 2882; x_wconf 87' lang='lat' dir='ltr'><strong>deerit</strong></span> <span class='ocrx_word' id='word_1_188' title='bbox 2112 2822 2237 2882; x_wconf 90' lang='lat' dir='ltr'><strong>deo</strong></span> <span class='ocrx_word' id='word_1_189' title='bbox 2285 2819 2657 2896; x_wconf 87' lang='lat' dir='ltr'><strong>adiuvante,</strong></span> <span class='ocrx_word' id='word_1_190' title='bbox 2705 2820 2860 2899; x_wconf 89' lang='lat' dir='ltr'><strong>quid</strong></span> <span class='ocrx_word' id='word_1_191' title='bbox 2906 2837 3035 2900; x_wconf 87' lang='lat' dir='ltr'><strong>per·</strong></span> 
     </span>
     <span class='ocr_line' id='line_1_25' title="bbox 798 2926 2922 3005; baseline -0.003 -15"><span class='ocrx_word' id='word_1_192' title='bbox 798 2934 950 2990; x_wconf 79' lang='lat' dir='ltr'><strong>tinet</strong></span> <span class='ocrx_word' id='word_1_193' title='bbox 1002 2930 1082 2990; x_wconf 71' lang='lat' dir='ltr'><strong>acl</strong></span> <span class='ocrx_word' id='word_1_194' title='bbox 1134 2936 1422 2991; x_wconf 69' lang='lat' dir='ltr'><strong>vestrum</strong></span> <span class='ocrx_word' id='word_1_195' title='bbox 1474 2929 1723 2989; x_wconf 89' lang='lat' dir='ltr'><strong>bonum</strong></span> <span class='ocrx_word' id='word_1_196' title='bbox 1771 2935 1836 2988; x_wconf 92' lang='lat' dir='ltr'><strong>et</strong></span> <span class='ocrx_word' id='word_1_197' title='bbox 1881 2927 2100 2989; x_wconf 89' lang='lat' dir='ltr'><strong>utilem</strong></span> <span class='ocrx_word' id='word_1_198' title='bbox 2148 2927 2454 3005; x_wconf 87' lang='lat' dir='ltr'><strong>amicum,</strong></span> <span class='ocrx_word' id='word_1_199' title='bbox 2504 2933 2575 2988; x_wconf 93' lang='lat' dir='ltr'><strong>ut</strong></span> <span class='ocrx_word' id='word_1_200' title='bbox 2622 2926 2922 2989; x_wconf 86' lang='lat' dir='ltr'><strong>diximus.</strong></span> 
     </span>
    </p>

    <p class='ocr_par' dir='ltr' id='par_1_6' title="bbox 797 3068 3036 3350">
     <span class='ocr_line' id='line_1_26' title="bbox 1014 3068 3036 3150; baseline -0.002 -16"><span class='ocrx_word' id='word_1_201' title='bbox 1014 3071 1242 3134; x_wconf 69' lang='lat' dir='ltr'><strong>Kivfll:</strong></span> <span class='ocrx_word' id='word_1_202' title='bbox 1292 3071 1644 3150; x_wconf 85' lang='lat' dir='ltr'><strong>Magnifico</strong></span> <span class='ocrx_word' id='word_1_203' title='bbox 1708 3070 1977 3131; x_wconf 91' lang='lat' dir='ltr'><strong>domino</strong></span> <span class='ocrx_word' id='word_1_204' title='bbox 2043 3069 2324 3148; x_wconf 88' lang='lat' dir='ltr'><strong>Georgio</strong></span> <span class='ocrx_word' id='word_1_205' title='bbox 2391 3069 2472 3131; x_wconf 92' lang='lat' dir='ltr'><strong>de</strong></span> <span class='ocrx_word' id='word_1_206' title='bbox 2539 3069 2808 3149; x_wconf 69' lang='lat' dir='ltr'><strong>Kanysa</strong></span> <span class='ocrx_word' id='word_1_207' title='bbox 2870 3068 3036 3148; x_wconf 87' lang='lat' dir='ltr'><strong>regni</strong></span> 
     </span>
     <span class='ocr_line' id='line_1_27' title="bbox 797 3175 3036 3258; baseline -0.003 -16"><span class='ocrx_word' id='word_1_208' title='bbox 797 3182 1074 3258; x_wconf 64' lang='lat' dir='ltr'><strong>croatie,</strong></span> <span class='ocrx_word' id='word_1_209' title='bbox 1126 3180 1441 3242; x_wconf 78' lang='lat' dir='ltr'><strong>Dalmatie</strong></span> <span class='ocrx_word' id='word_1_210' title='bbox 1488 3186 1552 3241; x_wconf 88' lang='lat' dir='ltr'><strong>et</strong></span> <span class='ocrx_word' id='word_1_211' title='bbox 1602 3175 1947 3240; x_wconf 88' lang='lat' dir='ltr'><strong>Sclavonie</strong></span> <span class='ocrx_word' id='word_1_212' title='bbox 1997 3178 2173 3239; x_wconf 89' lang='lat' dir='ltr'><strong>bano</strong></span> <span class='ocrx_word' id='word_1_213' title='bbox 2222 3185 2342 3239; x_wconf 89' lang='lat' dir='ltr'><strong>etc.</strong></span> <span class='ocrx_word' id='word_1_214' title='bbox 2394 3176 2660 3238; x_wconf 93' lang='lat' dir='ltr'><strong>domino</strong></span> <span class='ocrx_word' id='word_1_215' title='bbox 2707 3184 2771 3237; x_wconf 88' lang='lat' dir='ltr'><strong>et</strong></span> <span class='ocrx_word' id='word_1_216' title='bbox 2833 3175 3036 3238; x_wconf 88' lang='lat' dir='ltr'><strong>amico</strong></span> 
     </span>
     <span class='ocr_line' id='line_1_28' title="bbox 798 3287 1441 3350; baseline -0.011 0"><span class='ocrx_word' id='word_1_217' title='bbox 798 3290 990 3350; x_wconf 71' lang='lat' dir='ltr'><strong>nubis</strong></span> <span class='ocrx_word' id='word_1_218' title='bbox 1038 3287 1441 3350; x_wconf 70' lang='lat' dir='ltr'><strong>honorando.</strong></span> 
     </span>
    </p>
   </div>
   <div class='ocr_carea' id='block_1_5' title="bbox 798 3420 3038 3566">
    <p class='ocr_par' dir='ltr' id='par_1_7' title="bbox 798 3420 3038 3566">
     <span class='ocr_line' id='line_1_29' title="bbox 1014 3420 3038 3490; baseline -0.003 -12"><span class='ocrx_word' id='word_1_219' title='bbox 1014 3429 1235 3488; x_wconf 71' lang='lat' dir='ltr'><strong>Eredeti,</strong></span> <span class='ocrx_word' id='word_1_220' title='bbox 1280 3425 1467 3478; x_wconf 80' lang='lat' dir='ltr'><strong>er6sen</strong></span> <span class='ocrx_word' id='word_1_221' title='bbox 1510 3424 1839 3490; x_wconf 65' lang='lat' dir='ltr'><strong>magrongfilt</strong></span> <span class='ocrx_word' id='word_1_222' title='bbox 1874 3426 2039 3490; x_wconf 87' lang='lat' dir='ltr'><strong>papir,</strong></span> <span class='ocrx_word' id='word_1_223' title='bbox 2088 3421 2316 3474; x_wconf 69' lang='lat' dir='ltr'><strong>zar-letan</strong></span> <span class='ocrx_word' id='word_1_224' title='bbox 2363 3420 2630 3488; x_wconf 74' lang='lat' dir='ltr'><strong>pecsettel.</strong></span> <span class='ocrx_word' id='word_1_225' title='bbox 2669 3423 2741 3473; x_wconf 88' lang='lat' dir='ltr'><strong>M.</strong></span> <span class='ocrx_word' id='word_1_226' title='bbox 2781 3421 2847 3472; x_wconf 93' lang='grc' dir='ltr'><strong>Ο.</strong></span> <span class='ocrx_word' id='word_1_227' title='bbox 2887 3421 2948 3472; x_wconf 92' lang='lat' dir='ltr'><strong>D.</strong></span> <span class='ocrx_word' id='word_1_228' title='bbox 2983 3420 3038 3472; x_wconf 90' lang='lat' dir='ltr'><strong>L.</strong></span> 
     </span>
     <span class='ocr_line' id='line_1_30' title="bbox 798 3522 2303 3566; baseline -0.003 0"><span class='ocrx_word' id='word_1_229' title='bbox 798 3522 974 3566; x_wconf 67' lang='lat' dir='ltr'>2543ss</span> <span class='ocrx_word' id='word_1_230' title='bbox 1034 3534 1110 3566; x_wconf 69' lang='lat' dir='ltr'><strong>ss.</strong></span> <span class='ocrx_word' id='word_1_231' title='bbox 2297 3528 2303 3535; x_wconf 77' lang='grc'><strong><em>’</em></strong></span> 
     </span>
    </p>
   </div>
   <div class='ocr_carea' id='block_1_6' title="bbox 1407 3694 2436 3970">
    <p class='ocr_par' dir='ltr' id='par_1_8' title="bbox 1407 3694 2436 3970">
     <span class='ocr_line' id='line_1_31' title="bbox 1757 3694 2096 3759; baseline -0.006 0"><span class='ocrx_word' id='word_1_232' title='bbox 1757 3694 2096 3759; x_wconf 90' lang='lat' dir='ltr'><strong>CDXLVI.</strong></span> 
     </span>
     <span class='ocr_line' id='line_1_32' title="bbox 1407 3869 2436 3970; baseline -0.006 -32"><span class='ocrx_word' id='word_1_233' title='bbox 1407 3872 1675 3956; x_wconf 79' lang='lat' dir='ltr'><strong>Feje&#39;rk6</strong></span> <span class='ocrx_word' id='word_1_234' title='bbox 1720 3871 1914 3951; x_wconf 82' lang='lat' dir='ltr'><strong>va&#39;ra,</strong></span> <span class='ocrx_word' id='word_1_235' title='bbox 1961 3870 2160 3937; x_wconf 88' lang='grc'><strong><em>1509.</em></strong></span> <span class='ocrx_word' id='word_1_236' title='bbox 2197 3869 2325 3953; x_wconf 69' lang='lat' dir='ltr'><strong>jt&#39;tl.</strong></span> <span class='ocrx_word' id='word_1_237' title='bbox 2375 3869 2436 3970; x_wconf 67' lang='lat'><strong>63</strong></span> 
     </span>
    </p>
   </div>
   <div class='ocr_carea' id='block_1_7' title="bbox 798 4011 3043 4262">
    <p class='ocr_par' dir='ltr' id='par_1_9' title="bbox 798 4011 3043 4262">
     <span class='ocr_line' id='line_1_33' title="bbox 802 4011 3042 4080; baseline -0.004 -10"><span class='ocrx_word' id='word_1_238' title='bbox 802 4022 1034 4074; x_wconf 68' lang='lat' dir='ltr'><strong>Hei-isaki</strong></span> <span class='ocrx_word' id='word_1_239' title='bbox 1065 4018 1224 4070; x_wconf 65' lang='lat' dir='ltr'><strong>janos</strong></span> <span class='ocrx_word' id='word_1_240' title='bbox 1248 4016 1370 4069; x_wconf 63' lang='grc' dir='ltr'><strong>κάει</strong></span> <span class='ocrx_word' id='word_1_241' title='bbox 1396 4018 1654 4080; x_wconf 80' lang='lat' dir='ltr'><strong>deszpota</strong></span> <span class='ocrx_word' id='word_1_242' title='bbox 1679 4011 1736 4065; x_wconf 70' lang='lat' dir='ltr'><strong>es</strong></span> <span class='ocrx_word' id='word_1_243' title='bbox 1768 4015 1806 4064; x_wconf 89' lang='lat' dir='ltr'>F</span> <span class='ocrx_word' id='word_1_244' title='bbox 1811 4029 1996 4065; x_wconf 87' lang='lat' dir='ltr'><strong>erencz</strong></span> <span class='ocrx_word' id='word_1_245' title='bbox 2025 4011 2272 4079; x_wconf 70' lang='lat' dir='ltr'><strong>Egervari</strong></span> <span class='ocrx_word' id='word_1_246' title='bbox 2299 4011 2499 4071; x_wconf 68' lang='lat' dir='ltr'><strong>Istvant</strong></span> <span class='ocrx_word' id='word_1_247' title='bbox 2531 4013 2877 4077; x_wconf 80' lang='lat' dir='ltr'><strong>megkeresik,</strong></span> <span class='ocrx_word' id='word_1_248' title='bbox 2904 4013 3042 4077; x_wconf 81' lang='lat' dir='ltr'><strong>hogy</strong></span> 
     </span>
     <span class='ocr_line' id='line_1_34' title="bbox 798 4101 3043 4174; baseline -0.005 -12"><span class='ocrx_word' id='word_1_249' title='bbox 798 4110 1178 4174; x_wconf 64' lang='lat' dir='ltr'><strong>Elawlmwygh</strong></span> <span class='ocrx_word' id='word_1_250' title='bbox 1226 4108 1504 4172; x_wconf 70' lang='lat' dir='ltr'><strong>Gyorgyot</strong></span> <span class='ocrx_word' id='word_1_251' title='bbox 1541 4105 1757 4170; x_wconf 78' lang='lat' dir='ltr'><strong>sogadja</strong></span> <span class='ocrx_word' id='word_1_252' title='bbox 1797 4105 1980 4156; x_wconf 86' lang='lat' dir='ltr'><strong>udvari</strong></span> <span class='ocrx_word' id='word_1_253' title='bbox 2034 4103 2258 4154; x_wconf 88' lang='lat' dir='ltr'><strong>emberei</strong></span> <span class='ocrx_word' id='word_1_254' title='bbox 2302 4101 2509 4163; x_wconf 63' lang='lat' dir='ltr'><strong>sorabis„</strong></span> <span class='ocrx_word' id='word_1_255' title='bbox 2556 4102 2838 4165; x_wconf 83' lang='lat' dir='ltr'><strong>kijelentve</strong></span> <span class='ocrx_word' id='word_1_256' title='bbox 2875 4101 3043 4152; x_wconf 70' lang='lat' dir='ltr'><strong>abboli</strong></span> 
     </span>
     <span class='ocr_line' id='line_1_35' title="bbox 802 4187 3041 4262; baseline -0.005 -12"><span class='ocrx_word' id='word_1_257' title='bbox 802 4198 1058 4262; x_wconf 51' lang='lat' dir='ltr'><strong>haam-{gij</strong></span> <span class='ocrx_word' id='word_1_258' title='bbox 1070 4202 1166 4256; x_wconf 70' lang='lat' dir='ltr'><strong>ket.</strong></span> <span class='ocrx_word' id='word_1_259' title='bbox 1204 4199 1350 4262; x_wconf 87' lang='lat' dir='ltr'><strong>hogy</strong></span> <span class='ocrx_word' id='word_1_260' title='bbox 1377 4192 1621 4261; x_wconf 68' lang='lat' dir='ltr'><strong>Egervari</strong></span> <span class='ocrx_word' id='word_1_261' title='bbox 1648 4193 1878 4245; x_wconf 70' lang='lat' dir='ltr'><strong>emberet</strong></span> <span class='ocrx_word' id='word_1_262' title='bbox 1905 4192 1973 4244; x_wconf 86' lang='lat' dir='ltr'><strong>6k</strong></span> <span class='ocrx_word' id='word_1_263' title='bbox 2002 4194 2182 4243; x_wconf 84' lang='lat' dir='ltr'><strong>veszik</strong></span> <span class='ocrx_word' id='word_1_264' title='bbox 2219 4192 2288 4242; x_wconf 75' lang='lat' dir='ltr'><strong>fel</strong></span> <span class='ocrx_word' id='word_1_265' title='bbox 2316 4191 2499 4242; x_wconf 82' lang='lat' dir='ltr'><strong>udvari</strong></span> <span class='ocrx_word' id='word_1_266' title='bbox 2536 4191 2800 4241; x_wconf 84' lang='lat' dir='ltr'><strong>embereik</strong></span> <span class='ocrx_word' id='word_1_267' title='bbox 2839 4187 3041 4240; x_wconf 67' lang='lat' dir='ltr'><strong>soraba.</strong></span> 
     </span>
    </p>
   </div>
   <div class='ocr_carea' id='block_1_8' title="bbox 802 4335 3042 4637">
    <p class='ocr_par' dir='ltr' id='par_1_10' title="bbox 802 4335 3042 4637">
     <span class='ocr_line' id='line_1_36' title="bbox 1018 4335 3042 4422; baseline -0.003 -20"><span class='ocrx_word' id='word_1_268' title='bbox 1018 4344 1362 4422; x_wconf 65' lang='lat' dir='ltr'><strong>h··lagnifice</strong></span> <span class='ocrx_word' id='word_1_269' title='bbox 1392 4343 1654 4405; x_wconf 90' lang='lat' dir='ltr'><strong>domine</strong></span> <span class='ocrx_word' id='word_1_270' title='bbox 1679 4348 1744 4404; x_wconf 90' lang='lat' dir='ltr'><strong>et</strong></span> <span class='ocrx_word' id='word_1_271' title='bbox 1771 4342 1979 4402; x_wconf 88' lang='lat' dir='ltr'><strong>amice</strong></span> <span class='ocrx_word' id='word_1_272' title='bbox 2001 4347 2222 4402; x_wconf 89' lang='lat' dir='ltr'><strong>noster</strong></span> <span class='ocrx_word' id='word_1_273' title='bbox 2240 4335 2642 4401; x_wconf 90' lang='lat' dir='ltr'><strong>honorande.</strong></span> <span class='ocrx_word' id='word_1_274' title='bbox 2666 4335 2844 4399; x_wconf 90' lang='lat' dir='ltr'><strong>Ecce</strong></span> <span class='ocrx_word' id='word_1_275' title='bbox 2875 4335 3042 4398; x_wconf 88' lang='lat' dir='ltr'><strong>misi·</strong></span> 
     </span>
     <span class='ocr_line' id='line_1_37' title="bbox 802 4442 3040 4528; baseline -0.005 -14"><span class='ocrx_word' id='word_1_276' title='bbox 802 4470 954 4514; x_wconf 69' lang='lat' dir='ltr'><strong>mus</strong></span> <span class='ocrx_word' id='word_1_277' title='bbox 978 4450 1062 4510; x_wconf 78' lang='lat' dir='ltr'><strong>ad</strong></span> <span class='ocrx_word' id='word_1_278' title='bbox 1082 4459 1362 4512; x_wconf 60' lang='lat' dir='ltr'><strong>vssfitram</strong></span> <span class='ocrx_word' id='word_1_279' title='bbox 1383 4450 1730 4511; x_wconf 90' lang='lat' dir='ltr'><strong>amicitiam</strong></span> <span class='ocrx_word' id='word_1_280' title='bbox 1754 4449 1930 4509; x_wconf 91' lang='lat' dir='ltr'><strong>hunc</strong></span> <span class='ocrx_word' id='word_1_281' title='bbox 1949 4448 2229 4528; x_wconf 89' lang='lat' dir='ltr'><strong>probum</strong></span> <span class='ocrx_word' id='word_1_282' title='bbox 2248 4446 2732 4508; x_wconf 89' lang='lat' dir='ltr'><strong>adolescentem</strong></span> <span class='ocrx_word' id='word_1_283' title='bbox 2764 4442 3040 4505; x_wconf 90' lang='lat' dir='ltr'><strong>nobilem</strong></span> 
     </span>
     <span class='ocr_line' id='line_1_38' title="bbox 802 4548 3041 4637; baseline -0.004 -19"><span class='ocrx_word' id='word_1_284' title='bbox 802 4558 1158 4634; x_wconf 65' lang='lat' dir='ltr'><strong>Georgium</strong></span> <span class='ocrx_word' id='word_1_285' title='bbox 1194 4556 1659 4637; x_wconf 71' lang='lat' dir='ltr'><strong>Zlawkowygh</strong></span> <span class='ocrx_word' id='word_1_286' title='bbox 1692 4553 2094 4616; x_wconf 88' lang='lat' dir='ltr'><strong>confidenter</strong></span> <span class='ocrx_word' id='word_1_287' title='bbox 2123 4553 2399 4615; x_wconf 88' lang='lat' dir='ltr'><strong>eandem</strong></span> <span class='ocrx_word' id='word_1_288' title='bbox 2439 4559 2723 4615; x_wconf 87' lang='lat' dir='ltr'><strong>vestram</strong></span> <span class='ocrx_word' id='word_1_289' title='bbox 2752 4548 3041 4630; x_wconf 84' lang='lat' dir='ltr'><strong>magnifi-</strong></span> 
     </span>
    </p>
   </div>
   <div class='ocr_carea' id='block_1_9' title="bbox 3371 225 3376 823">
    <p class='ocr_par' dir='ltr' id='par_1_11' title="bbox 3371 225 3376 823">
     <span class='ocr_line' id='line_1_39' title="bbox 3371 225 3376 823; baseline 0 0"><span class='ocrx_word' id='word_1_290' title='bbox 3371 225 3376 823; x_wconf 95' lang='lat' dir='ltr'><strong> </strong></span> 
     </span>
    </p>
   </div>
  </div>
 </body>
</html>
