<?xml version="1.0" encoding="UTF-8"?>
<!DOCTYPE html PUBLIC "-//W3C//DTD XHTML 1.0 Transitional//EN"
    "http://www.w3.org/TR/xhtml1/DTD/xhtml1-transitional.dtd">
<html xmlns="http://www.w3.org/1999/xhtml" xml:lang="en" lang="en">
 <head>
  <title>
</title>
<meta http-equiv="Content-Type" content="text/html;charset=utf-8" />
  <meta name='ocr-system' content='tesseract 3.04.00' />
  <meta name='ocr-capabilities' content='ocr_page ocr_carea ocr_par ocr_line ocrx_word'/>
</head>
<body>
  <div class='ocr_page' id='page_1' title='image "./codexdiplomatic00horvgoog_0160.png"; bbox 0 0 3475 5200; ppageno 0'>
   <div class='ocr_carea' id='block_1_1' title="bbox 1700 287 2055 339">
    <p class='ocr_par' dir='ltr' id='par_1_1' title="bbox 1700 287 2055 339">
     <span class='ocr_line' id='line_1_1' title="bbox 1700 287 2055 339; baseline 0 -16"><span class='ocrx_word' id='word_1_1' title='bbox 1700 287 2055 339; x_wconf 66' lang='grc'>...28-</span> 
     </span>
    </p>
   </div>
   <div class='ocr_carea' id='block_1_2' title="bbox 747 505 3009 933">
    <p class='ocr_par' dir='ltr' id='par_1_2' title="bbox 747 505 3009 933">
     <span class='ocr_line' id='line_1_2' title="bbox 749 505 3007 584; baseline 0 -18"><span class='ocrx_word' id='word_1_2' title='bbox 749 524 995 582; x_wconf 87' lang='lat' dir='ltr'>corum,</span> <span class='ocrx_word' id='word_1_3' title='bbox 1044 513 1414 569; x_wconf 85' lang='lat' dir='ltr'>nostrorum</span> <span class='ocrx_word' id='word_1_4' title='bbox 1454 522 1611 584; x_wconf 86' lang='lat' dir='ltr'>ymo</span> <span class='ocrx_word' id='word_1_5' title='bbox 1656 506 1872 584; x_wconf 87' lang='lat' dir='ltr'>potius</span> <span class='ocrx_word' id='word_1_6' title='bbox 1916 505 2114 568; x_wconf 90' lang='lat' dir='ltr'>totius</span> <span class='ocrx_word' id='word_1_7' title='bbox 2147 505 2489 567; x_wconf 84' lang='lat' dir='ltr'><strong>christiane</strong></span> <span class='ocrx_word' id='word_1_8' title='bbox 2514 507 2774 567; x_wconf 79' lang='lat' dir='ltr'>‘caterve</span> <span class='ocrx_word' id='word_1_9' title='bbox 2820 522 3007 566; x_wconf 87' lang='lat' dir='ltr'>emu-</span> 
     </span>
     <span class='ocr_line' id='line_1_3' title="bbox 747 620 3009 700; baseline 0 -18"><span class='ocrx_word' id='word_1_10' title='bbox 747 623 978 700; x_wconf 83' lang='lat' dir='ltr'>lorum,</span> <span class='ocrx_word' id='word_1_11' title='bbox 1038 622 1125 682; x_wconf 93' lang='lat' dir='ltr'>ad</span> <span class='ocrx_word' id='word_1_12' title='bbox 1182 621 1490 684; x_wconf 87' lang='lat' dir='ltr'>territoria</span> <span class='ocrx_word' id='word_1_13' title='bbox 1567 621 1770 699; x_wconf 86' lang='lat' dir='ltr'>ipsius</span> <span class='ocrx_word' id='word_1_14' title='bbox 1835 621 2015 700; x_wconf 87' lang='lat' dir='ltr'>regni</span> <span class='ocrx_word' id='word_1_15' title='bbox 2078 622 2277 683; x_wconf 83' lang='lat' dir='ltr'>nostri</span> <span class='ocrx_word' id='word_1_16' title='bbox 2343 620 2605 683; x_wconf 83' lang='lat' dir='ltr'><strong>antefati</strong></span> <span class='ocrx_word' id='word_1_17' title='bbox 2664 621 2885 682; x_wconf 89' lang='lat' dir='ltr'>denuo</span> <span class='ocrx_word' id='word_1_18' title='bbox 2942 631 3009 682; x_wconf 91' lang='lat' dir='ltr'>et</span> 
     </span>
     <span class='ocr_line' id='line_1_4' title="bbox 748 737 3007 816; baseline 0 -17"><span class='ocrx_word' id='word_1_19' title='bbox 748 756 830 799; x_wconf 81' lang='lat' dir='ltr'>ex</span> <span class='ocrx_word' id='word_1_20' title='bbox 879 755 1054 800; x_wconf 89' lang='lat' dir='ltr'>novo</span> <span class='ocrx_word' id='word_1_21' title='bbox 1105 738 1470 814; x_wconf 68' lang='lat' dir='ltr'>exercenda</span> <span class='ocrx_word' id='word_1_22' title='bbox 1516 737 1747 800; x_wconf 79' lang='lat' dir='ltr'>flendis</span> <span class='ocrx_word' id='word_1_23' title='bbox 1796 738 2065 799; x_wconf 88' lang='lat' dir='ltr'>fluvium</span> <span class='ocrx_word' id='word_1_24' title='bbox 2126 737 2402 799; x_wconf 81' lang='lat' dir='ltr'>Danubii</span> <span class='ocrx_word' id='word_1_25' title='bbox 2449 754 2681 799; x_wconf 88' lang='lat' dir='ltr'>versus</span> <span class='ocrx_word' id='word_1_26' title='bbox 2724 754 3007 816; x_wconf 87' lang='lat' dir='ltr'>regnum</span> 
     </span>
     <span class='ocr_line' id='line_1_5' title="bbox 751 852 3008 933; baseline 0 -18"><span class='ocrx_word' id='word_1_27' title='bbox 751 854 979 917; x_wconf 84' lang='lat' dir='ltr'>Rascie</span> <span class='ocrx_word' id='word_1_28' title='bbox 1039 854 1310 933; x_wconf 88' lang='lat' dir='ltr'>navigiis</span> <span class='ocrx_word' id='word_1_29' title='bbox 1366 854 1651 932; x_wconf 82' lang='lat' dir='ltr'>copiosis</span> <span class='ocrx_word' id='word_1_30' title='bbox 1697 853 1761 914; x_wconf 89' lang='lat' dir='ltr'>in</span> <span class='ocrx_word' id='word_1_31' title='bbox 1810 852 2151 932; x_wconf 88' lang='lat' dir='ltr'>superficie</span> <span class='ocrx_word' id='word_1_32' title='bbox 2208 853 2465 933; x_wconf 90' lang='lat' dir='ltr'>ampnis</span> <span class='ocrx_word' id='word_1_33' title='bbox 2511 853 2691 914; x_wconf 86' lang='lat' dir='ltr'>fiuvii</span> <span class='ocrx_word' id='word_1_34' title='bbox 2736 853 3008 915; x_wconf 85' lang='lat' dir='ltr'>antefati</span> 
     </span>
    </p>
   </div>
   <div class='ocr_carea' id='block_1_3' title="bbox 641 969 3008 1049">
    <p class='ocr_par' dir='ltr' id='par_1_3' title="bbox 641 969 3008 1049">
     <span class='ocr_line' id='line_1_6' title="bbox 641 969 3008 1049; baseline -0.002 -15"><span class='ocrx_word' id='word_1_35' title='bbox 641 993 650 998; x_wconf 86' lang='lat'><strong>·</strong></span> <span class='ocrx_word' id='word_1_36' title='bbox 750 973 1023 1049; x_wconf 79' lang='lat' dir='ltr'>situatiS,</span> <span class='ocrx_word' id='word_1_37' title='bbox 1081 972 1206 1033; x_wconf 92' lang='lat' dir='ltr'>deo</span> <span class='ocrx_word' id='word_1_38' title='bbox 1263 971 1451 1044; x_wconf 77' lang='lat' dir='ltr'>duce,</span> <span class='ocrx_word' id='word_1_39' title='bbox 1509 969 2042 1047; x_wconf 71' lang='lat' dir='ltr'>suti&#39;ragantibuS‚</span> <span class='ocrx_word' id='word_1_40' title='bbox 2110 970 2572 1032; x_wconf 81' lang='lat' dir='ltr'>transmeando</span> <span class='ocrx_word' id='word_1_41' title='bbox 2637 979 2701 1030; x_wconf 86' lang='lat' dir='ltr'>et</span> <span class='ocrx_word' id='word_1_42' title='bbox 2767 969 2830 1030; x_wconf 89' lang='lat' dir='ltr'>in</span> <span class='ocrx_word' id='word_1_43' title='bbox 2898 987 3008 1031; x_wconf 85' lang='lat' dir='ltr'>oc-</span> 
     </span>
    </p>
   </div>
   <div class='ocr_carea' id='block_1_4' title="bbox 725 1085 3026 4416">
    <p class='ocr_par' dir='ltr' id='par_1_4' title="bbox 725 1085 3026 4416">
     <span class='ocr_line' id='line_1_7' title="bbox 751 1085 3009 1152; baseline -0.002 -1"><span class='ocrx_word' id='word_1_44' title='bbox 751 1107 1020 1152; x_wconf 82' lang='lat' dir='ltr'>cursum</span> <span class='ocrx_word' id='word_1_45' title='bbox 1068 1106 1146 1149; x_wconf 88' lang='lat' dir='ltr'>ac</span> <span class='ocrx_word' id='word_1_46' title='bbox 1194 1087 1455 1149; x_wconf 83' lang='lat' dir='ltr'>obviam</span> <span class='ocrx_word' id='word_1_47' title='bbox 1508 1087 1825 1147; x_wconf 89' lang='lat' dir='ltr'>dictorum</span> <span class='ocrx_word' id='word_1_48' title='bbox 1864 1086 2382 1148; x_wconf 87' lang='lat' dir='ltr'>scismaticorum</span> <span class='ocrx_word' id='word_1_49' title='bbox 2429 1087 2490 1147; x_wconf 89' lang='lat' dir='ltr'>in</span> <span class='ocrx_word' id='word_1_50' title='bbox 2534 1085 2824 1148; x_wconf 87' lang='lat' dir='ltr'>districtu</span> <span class='ocrx_word' id='word_1_51' title='bbox 2858 1087 3009 1148; x_wconf 89' lang='lat' dir='ltr'>dicti</span> 
     </span>
     <span class='ocr_line' id='line_1_8' title="bbox 754 1202 3012 1284; baseline -0.001 -18"><span class='ocrx_word' id='word_1_52' title='bbox 754 1206 928 1284; x_wconf 86' lang='lat' dir='ltr'>regni</span> <span class='ocrx_word' id='word_1_53' title='bbox 976 1204 1239 1266; x_wconf 87' lang='lat' dir='ltr'>Rasscie</span> <span class='ocrx_word' id='word_1_54' title='bbox 1289 1202 1586 1264; x_wconf 87' lang='lat' dir='ltr'>Brancho</span> <span class='ocrx_word' id='word_1_55' title='bbox 1633 1209 1891 1278; x_wconf 86' lang='lat' dir='ltr'>vocat0,</span> <span class='ocrx_word' id='word_1_56' title='bbox 1932 1202 2025 1263; x_wconf 91' lang='lat' dir='ltr'>cis</span> <span class='ocrx_word' id='word_1_57' title='bbox 2075 1209 2359 1264; x_wconf 79' lang='lat' dir='ltr'>castrum</span> <span class='ocrx_word' id='word_1_58' title='bbox 2395 1202 2738 1281; x_wconf 83' lang='lat' dir='ltr'>Vytiniche</span> <span class='ocrx_word' id='word_1_59' title='bbox 2787 1205 3012 1282; x_wconf 86' lang='lat' dir='ltr'>appel·</span> 
     </span>
     <span class='ocr_line' id='line_1_9' title="bbox 752 1318 3008 1399; baseline -0.001 -17"><span class='ocrx_word' id='word_1_60' title='bbox 752 1323 976 1396; x_wconf 80' lang='lat' dir='ltr'>latum,</span> <span class='ocrx_word' id='word_1_61' title='bbox 1028 1338 1144 1399; x_wconf 90' lang='lat' dir='ltr'>pro</span> <span class='ocrx_word' id='word_1_62' title='bbox 1193 1327 1346 1380; x_wconf 91' lang='lat' dir='ltr'>tunc</span> <span class='ocrx_word' id='word_1_63' title='bbox 1397 1318 1829 1398; x_wconf 89' lang='lat' dir='ltr'>pululantium</span> <span class='ocrx_word' id='word_1_64' title='bbox 1870 1318 2027 1378; x_wconf 90' lang='lat' dir='ltr'>etin</span> <span class='ocrx_word' id='word_1_65' title='bbox 2065 1318 2539 1380; x_wconf 83' lang='lat' dir='ltr'>desolationem</span> <span class='ocrx_word' id='word_1_66' title='bbox 2578 1318 2782 1398; x_wconf 88' lang='lat' dir='ltr'>ipsius</span> <span class='ocrx_word' id='word_1_67' title='bbox 2826 1319 3008 1397; x_wconf 87' lang='lat' dir='ltr'>regni</span> 
     </span>
     <span class='ocr_line' id='line_1_10' title="bbox 756 1433 3009 1513; baseline 0 -16"><span class='ocrx_word' id='word_1_68' title='bbox 756 1437 953 1498; x_wconf 82' lang='lat' dir='ltr'>nostri</span> <span class='ocrx_word' id='word_1_69' title='bbox 987 1436 1070 1496; x_wconf 87' lang='lat' dir='ltr'>ab</span> <span class='ocrx_word' id='word_1_70' title='bbox 1104 1435 1336 1496; x_wconf 89' lang='lat' dir='ltr'>eodem</span> <span class='ocrx_word' id='word_1_71' title='bbox 1370 1435 1665 1513; x_wconf 89' lang='lat' dir='ltr'>progredi</span> <span class='ocrx_word' id='word_1_72' title='bbox 1699 1434 2145 1495; x_wconf 82' lang='lat' dir='ltr'>anhelantium</span> <span class='ocrx_word' id='word_1_73' title='bbox 2185 1433 2562 1496; x_wconf 83' lang='lat' dir='ltr'>festinanter</span> <span class='ocrx_word' id='word_1_74' title='bbox 2593 1435 3009 1513; x_wconf 90' lang='lat' dir='ltr'>properando</span> 
     </span>
     <span class='ocr_line' id='line_1_11' title="bbox 756 1550 3011 1628; baseline 0 -15"><span class='ocrx_word' id='word_1_75' title='bbox 756 1559 818 1613; x_wconf 91' lang='lat' dir='ltr'>et</span> <span class='ocrx_word' id='word_1_76' title='bbox 865 1559 1053 1614; x_wconf 89' lang='lat' dir='ltr'>scuto</span> <span class='ocrx_word' id='word_1_77' title='bbox 1101 1551 1272 1613; x_wconf 91' lang='lat' dir='ltr'>bone</span> <span class='ocrx_word' id='word_1_78' title='bbox 1321 1550 1469 1611; x_wconf 83' lang='lat' dir='ltr'>fidei</span> <span class='ocrx_word' id='word_1_79' title='bbox 1518 1557 1870 1628; x_wconf 91' lang='lat' dir='ltr'>protectus,</span> <span class='ocrx_word' id='word_1_80' title='bbox 1920 1568 2072 1612; x_wconf 92' lang='lat' dir='ltr'>cum</span> <span class='ocrx_word' id='word_1_81' title='bbox 2120 1551 2351 1628; x_wconf 87' lang='lat' dir='ltr'>ceteris</span> <span class='ocrx_word' id='word_1_82' title='bbox 2408 1551 2646 1612; x_wconf 89' lang='lat' dir='ltr'>nostris</span> <span class='ocrx_word' id='word_1_83' title='bbox 2700 1550 3011 1613; x_wconf 86' lang='lat' dir='ltr'>militibus</span> 
     </span>
     <span class='ocr_line' id='line_1_12' title="bbox 757 1665 3009 1747; baseline -0.002 -16"><span class='ocrx_word' id='word_1_84' title='bbox 757 1677 820 1731; x_wconf 91' lang='lat' dir='ltr'>et</span> <span class='ocrx_word' id='word_1_85' title='bbox 860 1666 1253 1747; x_wconf 88' lang='lat' dir='ltr'>proceribus,</span> <span class='ocrx_word' id='word_1_86' title='bbox 1304 1666 1442 1727; x_wconf 90' lang='lat' dir='ltr'>suis</span> <span class='ocrx_word' id='word_1_87' title='bbox 1489 1665 1728 1726; x_wconf 90' lang='lat' dir='ltr'>scilicet</span> <span class='ocrx_word' id='word_1_88' title='bbox 1777 1666 2239 1730; x_wconf 83' lang='lat' dir='ltr'>consodalibus</span> <span class='ocrx_word' id='word_1_89' title='bbox 2285 1667 2608 1743; x_wconf 86' lang='lat' dir='ltr'>antefatis,</span> <span class='ocrx_word' id='word_1_90' title='bbox 2651 1665 3009 1733; x_wconf 81' lang='lat' dir='ltr'>ferventius</span> 
     </span>
     <span class='ocr_line' id='line_1_13' title="bbox 758 1782 3011 1868; baseline -0.001 -22"><span class='ocrx_word' id='word_1_91' title='bbox 758 1783 1137 1868; x_wconf 72' lang='lat' dir='ltr'>etcelerius</span> <span class='ocrx_word' id='word_1_92' title='bbox 1193 1800 1269 1843; x_wconf 89' lang='lat' dir='ltr'>ac</span> <span class='ocrx_word' id='word_1_93' title='bbox 1318 1782 1705 1843; x_wconf 88' lang='lat' dir='ltr'>eminentius</span> <span class='ocrx_word' id='word_1_94' title='bbox 1770 1784 2023 1860; x_wconf 90' lang='lat' dir='ltr'>absque</span> <span class='ocrx_word' id='word_1_95' title='bbox 2090 1790 2266 1844; x_wconf 88' lang='lat' dir='ltr'>metu</span> <span class='ocrx_word' id='word_1_96' title='bbox 2323 1783 2447 1860; x_wconf 91' lang='lat' dir='ltr'>leti,</span> <span class='ocrx_word' id='word_1_97' title='bbox 2496 1783 2755 1844; x_wconf 89' lang='lat' dir='ltr'>leonina</span> <span class='ocrx_word' id='word_1_98' title='bbox 2802 1782 3011 1844; x_wconf 84' lang='lat' dir='ltr'>fretus</span> 
     </span>
     <span class='ocr_line' id='line_1_14' title="bbox 760 1898 3005 1976; baseline -0 -15"><span class='ocrx_word' id='word_1_99' title='bbox 760 1900 1035 1962; x_wconf 85' lang='lat' dir='ltr'>audacia</span> <span class='ocrx_word' id='word_1_100' title='bbox 1067 1900 1131 1960; x_wconf 90' lang='lat' dir='ltr'>in</span> <span class='ocrx_word' id='word_1_101' title='bbox 1165 1899 1508 1960; x_wconf 87' lang='lat' dir='ltr'>orrendam</span> <span class='ocrx_word' id='word_1_102' title='bbox 1556 1898 1845 1976; x_wconf 86' lang='lat' dir='ltr'>ipsorum</span> <span class='ocrx_word' id='word_1_103' title='bbox 1889 1899 2405 1960; x_wconf 87' lang='lat' dir='ltr'>scismaticorum</span> <span class='ocrx_word' id='word_1_104' title='bbox 2444 1907 2761 1961; x_wconf 83' lang='lat' dir='ltr'>armatam</span> <span class='ocrx_word' id='word_1_105' title='bbox 2793 1900 3005 1960; x_wconf 89' lang='lat' dir='ltr'>aciem</span> 
     </span>
     <span class='ocr_line' id='line_1_15' title="bbox 760 2014 3008 2091; baseline -0.001 -12"><span class='ocrx_word' id='word_1_106' title='bbox 760 2025 822 2079; x_wconf 90' lang='lat' dir='ltr'>et</span> <span class='ocrx_word' id='word_1_107' title='bbox 860 2017 1248 2078; x_wconf 87' lang='lat' dir='ltr'>immensam</span> <span class='ocrx_word' id='word_1_108' title='bbox 1292 2014 1646 2076; x_wconf 86' lang='lat' dir='ltr'>falleratam</span> <span class='ocrx_word' id='word_1_109' title='bbox 1690 2014 2025 2076; x_wconf 87' lang='lat' dir='ltr'>cohortem</span> <span class='ocrx_word' id='word_1_110' title='bbox 2075 2016 2336 2091; x_wconf 89' lang='lat' dir='ltr'>lanceis,</span> <span class='ocrx_word' id='word_1_111' title='bbox 2386 2014 2649 2077; x_wconf 84' lang='lat' dir='ltr'>frameis</span> <span class='ocrx_word' id='word_1_112' title='bbox 2695 2025 2758 2078; x_wconf 90' lang='lat' dir='ltr'>et</span> <span class='ocrx_word' id='word_1_113' title='bbox 2806 2017 3008 2077; x_wconf 82' lang='lat' dir='ltr'>sevis-</span> 
     </span>
     <span class='ocr_line' id='line_1_16' title="bbox 761 2131 3009 2212; baseline -0.001 -17"><span class='ocrx_word' id='word_1_114' title='bbox 761 2134 940 2195; x_wconf 90' lang='lat' dir='ltr'>simis</span> <span class='ocrx_word' id='word_1_115' title='bbox 972 2131 1196 2194; x_wconf 88' lang='lat' dir='ltr'>iaculis</span> <span class='ocrx_word' id='word_1_116' title='bbox 1233 2132 1389 2206; x_wconf 78' lang='lat' dir='ltr'>suiS,</span> <span class='ocrx_word' id='word_1_117' title='bbox 1440 2131 1679 2209; x_wconf 84' lang='lat' dir='ltr'>ingenti</span> <span class='ocrx_word' id='word_1_118' title='bbox 1729 2131 1983 2192; x_wconf 85' lang='lat' dir='ltr'>hostico</span> <span class='ocrx_word' id='word_1_119' title='bbox 2017 2148 2166 2192; x_wconf 86' lang='lat' dir='ltr'>curn</span> <span class='ocrx_word' id='word_1_120' title='bbox 2201 2132 2443 2193; x_wconf 89' lang='lat' dir='ltr'>insultu</span> <span class='ocrx_word' id='word_1_121' title='bbox 2474 2132 2795 2193; x_wconf 87' lang='lat' dir='ltr'>adversus</span> <span class='ocrx_word' id='word_1_122' title='bbox 2827 2134 3009 2212; x_wconf 87' lang='lat' dir='ltr'>ipsos</span> 
     </span>
     <span class='ocr_line' id='line_1_17' title="bbox 763 2243 3005 2327; baseline -0.001 -15"><span class='ocrx_word' id='word_1_123' title='bbox 763 2261 1022 2313; x_wconf 88' lang='lat' dir='ltr'>nostros</span> <span class='ocrx_word' id='word_1_124' title='bbox 1069 2247 1293 2309; x_wconf 86' lang='lat' dir='ltr'>fideles</span> <span class='ocrx_word' id='word_1_125' title='bbox 1336 2247 1571 2325; x_wconf 86' lang='lat' dir='ltr'>ingenti</span> <span class='ocrx_word' id='word_1_126' title='bbox 1620 2243 1929 2324; x_wconf 79' lang='lat' dir='ltr'>rigiditate</span> <span class='ocrx_word' id='word_1_127' title='bbox 1979 2248 2347 2309; x_wconf 88' lang='lat' dir='ltr'>bellantium</span> <span class='ocrx_word' id='word_1_128' title='bbox 2389 2249 2811 2326; x_wconf 81' lang='lat' dir='ltr'>personaliter</span> <span class='ocrx_word' id='word_1_129' title='bbox 2857 2266 3005 2327; x_wconf 91' lang='lat' dir='ltr'>pro-</span> 
     </span>
     <span class='ocr_line' id='line_1_18' title="bbox 766 2362 3009 2444; baseline -0 -16"><span class='ocrx_word' id='word_1_130' title='bbox 766 2382 1095 2444; x_wconf 81' lang='lat' dir='ltr'>rumpenS,</span> <span class='ocrx_word' id='word_1_131' title='bbox 1132 2366 1193 2425; x_wconf 92' lang='lat' dir='ltr'>in</span> <span class='ocrx_word' id='word_1_132' title='bbox 1226 2379 1509 2441; x_wconf 89' lang='lat' dir='ltr'>areaque</span> <span class='ocrx_word' id='word_1_133' title='bbox 1551 2362 1756 2439; x_wconf 84' lang='lat' dir='ltr'>ipsius</span> <span class='ocrx_word' id='word_1_134' title='bbox 1805 2363 2170 2424; x_wconf 89' lang='lat' dir='ltr'>certaminis</span> <span class='ocrx_word' id='word_1_135' title='bbox 2210 2365 2351 2425; x_wconf 85' lang='lat' dir='ltr'>zelo</span> <span class='ocrx_word' id='word_1_136' title='bbox 2390 2364 2638 2425; x_wconf 90' lang='lat' dir='ltr'>sincere</span> <span class='ocrx_word' id='word_1_137' title='bbox 2685 2364 3009 2427; x_wconf 77' lang='lat' dir='ltr'>fidelitatis</span> 
     </span>
     <span class='ocr_line' id='line_1_19' title="bbox 765 2477 3008 2557; baseline 0 -14"><span class='ocrx_word' id='word_1_138' title='bbox 765 2483 1082 2543; x_wconf 82' lang='lat' dir='ltr'>ferventer</span> <span class='ocrx_word' id='word_1_139' title='bbox 1112 2486 1420 2552; x_wconf 88' lang='lat' dir='ltr'>armatus,</span> <span class='ocrx_word' id='word_1_140' title='bbox 1444 2477 1694 2538; x_wconf 88' lang='lat' dir='ltr'>cunctis</span> <span class='ocrx_word' id='word_1_141' title='bbox 1727 2477 1865 2538; x_wconf 90' lang='lat' dir='ltr'>suis</span> <span class='ocrx_word' id='word_1_142' title='bbox 1899 2478 2088 2539; x_wconf 91' lang='lat' dir='ltr'>bonis</span> <span class='ocrx_word' id='word_1_143' title='bbox 2126 2480 2532 2557; x_wconf 80' lang='lat' dir='ltr'>postergatiS,</span> <span class='ocrx_word' id='word_1_144' title='bbox 2566 2481 2789 2542; x_wconf 84' lang='lat' dir='ltr'>maluit</span> <span class='ocrx_word' id='word_1_145' title='bbox 2833 2480 3008 2543; x_wconf 90' lang='lat' dir='ltr'>enim</span> 
     </span>
     <span class='ocr_line' id='line_1_20' title="bbox 725 2592 3008 2677; baseline 0 -18"><span class='ocrx_word' id='word_1_146' title='bbox 725 2614 877 2676; x_wconf 86' lang='lat' dir='ltr'>&#39;per</span> <span class='ocrx_word' id='word_1_147' title='bbox 933 2598 1106 2657; x_wconf 87' lang='lat' dir='ltr'>fame</span> <span class='ocrx_word' id='word_1_148' title='bbox 1165 2593 1332 2677; x_wconf 81' lang='lat' dir='ltr'>utilis</span> <span class='ocrx_word' id='word_1_149' title='bbox 1387 2592 1654 2670; x_wconf 84' lang='lat' dir='ltr'>gloriam</span> <span class='ocrx_word' id='word_1_150' title='bbox 1713 2593 1931 2671; x_wconf 88' lang='lat' dir='ltr'>potius</span> <span class='ocrx_word' id='word_1_151' title='bbox 1980 2602 2127 2672; x_wconf 89' lang='lat' dir='ltr'>post</span> <span class='ocrx_word' id='word_1_152' title='bbox 2183 2606 2456 2658; x_wconf 88' lang='lat' dir='ltr'>mortem</span> <span class='ocrx_word' id='word_1_153' title='bbox 2513 2598 2747 2672; x_wconf 82' lang='lat' dir='ltr'>vivere,</span> <span class='ocrx_word' id='word_1_154' title='bbox 2805 2616 3008 2675; x_wconf 90' lang='lat' dir='ltr'>quam</span> 
     </span>
     <span class='ocr_line' id='line_1_21' title="bbox 763 2709 3007 2793; baseline 0.001 -20"><span class='ocrx_word' id='word_1_155' title='bbox 763 2730 1031 2792; x_wconf 88' lang='lat' dir='ltr'>gressus</span> <span class='ocrx_word' id='word_1_156' title='bbox 1073 2712 1287 2773; x_wconf 89' lang='lat' dir='ltr'>facere</span> <span class='ocrx_word' id='word_1_157' title='bbox 1329 2709 1706 2771; x_wconf 80' lang='lat' dir='ltr'>retroflexos</span> <span class='ocrx_word' id='word_1_158' title='bbox 1740 2718 1803 2770; x_wconf 91' lang='lat' dir='ltr'>et</span> <span class='ocrx_word' id='word_1_159' title='bbox 1833 2710 2140 2772; x_wconf 89' lang='lat' dir='ltr'>desistere</span> <span class='ocrx_word' id='word_1_160' title='bbox 2180 2711 2590 2792; x_wconf 90' lang='lat' dir='ltr'>aliquatenus</span> <span class='ocrx_word' id='word_1_161' title='bbox 2630 2715 2716 2774; x_wconf 90' lang='lat' dir='ltr'>ab</span> <span class='ocrx_word' id='word_1_162' title='bbox 2750 2715 3007 2793; x_wconf 84' lang='lat' dir='ltr'>incepto</span> 
     </span>
     <span class='ocr_line' id='line_1_22' title="bbox 765 2825 3009 2892; baseline 0 -2"><span class='ocrx_word' id='word_1_163' title='bbox 765 2829 1006 2890; x_wconf 89' lang='lat' dir='ltr'>diutius</span> <span class='ocrx_word' id='word_1_164' title='bbox 1040 2828 1293 2889; x_wconf 87' lang='lat' dir='ltr'>viriliter</span> <span class='ocrx_word' id='word_1_165' title='bbox 1331 2825 1712 2887; x_wconf 87' lang='lat' dir='ltr'>scismaticis</span> <span class='ocrx_word' id='word_1_166' title='bbox 1750 2838 1903 2887; x_wconf 83' lang='lat' dir='ltr'>cum</span> <span class='ocrx_word' id='word_1_167' title='bbox 1943 2827 2187 2889; x_wconf 90' lang='lat' dir='ltr'>eisdem</span> <span class='ocrx_word' id='word_1_168' title='bbox 2229 2828 2599 2890; x_wconf 88' lang='lat' dir='ltr'>dimicando</span> <span class='ocrx_word' id='word_1_169' title='bbox 2631 2847 2709 2892; x_wconf 87' lang='lat' dir='ltr'>ac</span> <span class='ocrx_word' id='word_1_170' title='bbox 2742 2829 3009 2891; x_wconf 88' lang='lat' dir='ltr'>domino</span> 
     </span>
     <span class='ocr_line' id='line_1_23' title="bbox 765 2943 3011 3025; baseline 0 -18"><span class='ocrx_word' id='word_1_171' title='bbox 765 2946 1120 3025; x_wconf 90' lang='lat' dir='ltr'>opitulante</span> <span class='ocrx_word' id='word_1_172' title='bbox 1185 2944 1536 3004; x_wconf 89' lang='lat' dir='ltr'>tumultum</span> <span class='ocrx_word' id='word_1_173' title='bbox 1605 2943 1884 3021; x_wconf 88' lang='lat' dir='ltr'>agminis</span> <span class='ocrx_word' id='word_1_174' title='bbox 1940 2952 2004 3005; x_wconf 92' lang='lat' dir='ltr'>et</span> <span class='ocrx_word' id='word_1_175' title='bbox 2061 2953 2275 3006; x_wconf 89' lang='lat' dir='ltr'>cetum</span> <span class='ocrx_word' id='word_1_176' title='bbox 2338 2945 2665 3007; x_wconf 88' lang='lat' dir='ltr'>crudelem</span> <span class='ocrx_word' id='word_1_177' title='bbox 2719 2946 3011 3024; x_wconf 88' lang='lat' dir='ltr'>ipsorum</span> 
     </span>
     <span class='ocr_line' id='line_1_24' title="bbox 766 3058 3010 3126; baseline -0.001 0"><span class='ocrx_word' id='word_1_178' title='bbox 766 3062 1248 3126; x_wconf 84' lang='lat' dir='ltr'>Rassciensium</span> <span class='ocrx_word' id='word_1_179' title='bbox 1298 3068 1360 3122; x_wconf 91' lang='lat' dir='ltr'>et</span> <span class='ocrx_word' id='word_1_180' title='bbox 1406 3058 1771 3121; x_wconf 85' lang='lat' dir='ltr'>Turcorum</span> <span class='ocrx_word' id='word_1_181' title='bbox 1824 3059 2069 3122; x_wconf 87' lang='lat' dir='ltr'>militari</span> <span class='ocrx_word' id='word_1_182' title='bbox 2117 3062 2488 3122; x_wconf 87' lang='lat' dir='ltr'>austeritate</span> <span class='ocrx_word' id='word_1_183' title='bbox 2533 3072 2595 3122; x_wconf 89' lang='lat' dir='ltr'>et</span> <span class='ocrx_word' id='word_1_184' title='bbox 2636 3062 2871 3123; x_wconf 79' lang='lat' dir='ltr'>eximio</span> <span class='ocrx_word' id='word_1_185' title='bbox 2908 3061 3010 3123; x_wconf 90' lang='lat' dir='ltr'>sui</span> 
     </span>
     <span class='ocr_line' id='line_1_25' title="bbox 766 3175 3009 3256; baseline -0.002 -13"><span class='ocrx_word' id='word_1_186' title='bbox 766 3180 967 3243; x_wconf 90' lang='lat' dir='ltr'>bellici</span> <span class='ocrx_word' id='word_1_187' title='bbox 1035 3178 1312 3255; x_wconf 90' lang='lat' dir='ltr'>ingentis</span> <span class='ocrx_word' id='word_1_188' title='bbox 1368 3175 1733 3237; x_wconf 90' lang='lat' dir='ltr'>certaminis</span> <span class='ocrx_word' id='word_1_189' title='bbox 1815 3176 2029 3255; x_wconf 91' lang='lat' dir='ltr'>vigore</span> <span class='ocrx_word' id='word_1_190' title='bbox 2095 3177 2493 3256; x_wconf 89' lang='lat' dir='ltr'>dissipand0‚</span> <span class='ocrx_word' id='word_1_191' title='bbox 2553 3176 3009 3239; x_wconf 87' lang='lat' dir='ltr'>concassando</span> 
     </span>
     <span class='ocr_line' id='line_1_26' title="bbox 768 3291 3008 3372; baseline -0.002 -13"><span class='ocrx_word' id='word_1_192' title='bbox 768 3307 830 3359; x_wconf 90' lang='lat' dir='ltr'>et</span> <span class='ocrx_word' id='word_1_193' title='bbox 859 3295 1093 3365; x_wconf 72' lang='lat' dir='ltr'>inacie</span> <span class='ocrx_word' id='word_1_194' title='bbox 1124 3293 1313 3372; x_wconf 90' lang='lat' dir='ltr'>gladii</span> <span class='ocrx_word' id='word_1_195' title='bbox 1359 3291 1639 3353; x_wconf 89' lang='lat' dir='ltr'>validam</span> <span class='ocrx_word' id='word_1_196' title='bbox 1678 3298 1981 3370; x_wconf 87' lang='lat' dir='ltr'>stragem,</span> <span class='ocrx_word' id='word_1_197' title='bbox 2032 3310 2260 3354; x_wconf 88' lang='lat' dir='ltr'>necem</span> <span class='ocrx_word' id='word_1_198' title='bbox 2294 3302 2357 3354; x_wconf 89' lang='lat' dir='ltr'>et</span> <span class='ocrx_word' id='word_1_199' title='bbox 2388 3310 2685 3355; x_wconf 87' lang='lat' dir='ltr'>cruorem</span> <span class='ocrx_word' id='word_1_200' title='bbox 2722 3311 3008 3355; x_wconf 90' lang='lat' dir='ltr'>unacum</span> 
     </span>
     <span class='ocr_line' id='line_1_27' title="bbox 767 3407 3010 3491; baseline -0.002 -17"><span class='ocrx_word' id='word_1_201' title='bbox 767 3413 921 3491; x_wconf 88' lang='lat' dir='ltr'>ipsis</span> <span class='ocrx_word' id='word_1_202' title='bbox 978 3411 1214 3473; x_wconf 89' lang='lat' dir='ltr'>nostris</span> <span class='ocrx_word' id='word_1_203' title='bbox 1281 3408 1602 3475; x_wconf 77' lang='lat' dir='ltr'>fidelibus</span> <span class='ocrx_word' id='word_1_204' title='bbox 1646 3407 1919 3469; x_wconf 88' lang='lat' dir='ltr'>subditis</span> <span class='ocrx_word' id='word_1_205' title='bbox 1983 3408 2393 3469; x_wconf 88' lang='lat' dir='ltr'>laudabiliter</span> <span class='ocrx_word' id='word_1_206' title='bbox 2441 3409 2505 3469; x_wconf 92' lang='lat' dir='ltr'>in</span> <span class='ocrx_word' id='word_1_207' title='bbox 2563 3410 2810 3470; x_wconf 89' lang='lat' dir='ltr'>eisdem</span> <span class='ocrx_word' id='word_1_208' title='bbox 2874 3410 3010 3488; x_wconf 86' lang='lat' dir='ltr'>per·</span> 
     </span>
     <span class='ocr_line' id='line_1_28' title="bbox 768 3523 3012 3607; baseline -0.001 -18"><span class='ocrx_word' id='word_1_209' title='bbox 768 3526 1117 3607; x_wconf 88' lang='lat' dir='ltr'>petrandos</span> <span class='ocrx_word' id='word_1_210' title='bbox 1175 3525 1538 3602; x_wconf 84' lang='lat' dir='ltr'>vexilloque</span> <span class='ocrx_word' id='word_1_211' title='bbox 1594 3523 1881 3602; x_wconf 88' lang='lat' dir='ltr'>quinque</span> <span class='ocrx_word' id='word_1_212' title='bbox 1939 3524 2451 3585; x_wconf 87' lang='lat' dir='ltr'>scismaticorum</span> <span class='ocrx_word' id='word_1_213' title='bbox 2509 3526 3012 3604; x_wconf 87' lang='lat' dir='ltr'>prescriptorum</span> 
     </span>
     <span class='ocr_line' id='line_1_29' title="bbox 770 3639 3014 3719; baseline -0.001 -15"><span class='ocrx_word' id='word_1_214' title='bbox 770 3642 1167 3705; x_wconf 90' lang='lat' dir='ltr'>creberrimis</span> <span class='ocrx_word' id='word_1_215' title='bbox 1230 3642 1566 3702; x_wconf 87' lang='lat' dir='ltr'>hastarum</span> <span class='ocrx_word' id='word_1_216' title='bbox 1627 3650 1690 3700; x_wconf 91' lang='lat' dir='ltr'>et</span> <span class='ocrx_word' id='word_1_217' title='bbox 1756 3639 2010 3701; x_wconf 90' lang='lat' dir='ltr'>ensium</span> <span class='ocrx_word' id='word_1_218' title='bbox 2068 3641 2284 3719; x_wconf 86' lang='lat' dir='ltr'>rigidis</span> <span class='ocrx_word' id='word_1_219' title='bbox 2344 3641 2577 3701; x_wconf 87' lang='lat' dir='ltr'>ictibus</span> <span class='ocrx_word' id='word_1_220' title='bbox 2634 3640 2717 3701; x_wconf 91' lang='lat' dir='ltr'>ad</span> <span class='ocrx_word' id='word_1_221' title='bbox 2775 3641 3014 3702; x_wconf 88' lang='lat' dir='ltr'>telluris</span> 
     </span>
     <span class='ocr_line' id='line_1_30' title="bbox 769 3755 3018 3838; baseline -0.002 -15"><span class='ocrx_word' id='word_1_222' title='bbox 769 3758 1179 3838; x_wconf 82' lang='lat' dir='ltr'>superficiem</span> <span class='ocrx_word' id='word_1_223' title='bbox 1245 3755 1681 3835; x_wconf 89' lang='lat' dir='ltr'>precipitando</span> <span class='ocrx_word' id='word_1_224' title='bbox 1740 3764 1801 3816; x_wconf 91' lang='lat' dir='ltr'>et</span> <span class='ocrx_word' id='word_1_225' title='bbox 1867 3774 2017 3816; x_wconf 91' lang='lat' dir='ltr'>cum</span> <span class='ocrx_word' id='word_1_226' title='bbox 2078 3757 2334 3818; x_wconf 83' lang='lat' dir='ltr'>triumfo</span> <span class='ocrx_word' id='word_1_227' title='bbox 2400 3757 2660 3817; x_wconf 87' lang='lat' dir='ltr'>victorie</span> <span class='ocrx_word' id='word_1_228' title='bbox 2723 3764 3018 3836; x_wconf 88' lang='lat' dir='ltr'>potenter</span> 
     </span>
     <span class='ocr_line' id='line_1_31' title="bbox 768 3871 3015 3939; baseline -0.002 -1"><span class='ocrx_word' id='word_1_229' title='bbox 768 3875 1082 3939; x_wconf 90' lang='lat' dir='ltr'>elidendo.</span> <span class='ocrx_word' id='word_1_230' title='bbox 1132 3874 1412 3934; x_wconf 87' lang='lat' dir='ltr'>Demum</span> <span class='ocrx_word' id='word_1_231' title='bbox 1461 3872 1690 3933; x_wconf 90' lang='lat' dir='ltr'>eadem</span> <span class='ocrx_word' id='word_1_232' title='bbox 1740 3872 1903 3933; x_wconf 89' lang='lat' dir='ltr'>illico</span> <span class='ocrx_word' id='word_1_233' title='bbox 1943 3879 2161 3934; x_wconf 87' lang='lat' dir='ltr'>nostre</span> <span class='ocrx_word' id='word_1_234' title='bbox 2199 3888 2431 3933; x_wconf 81' lang='lat' dir='ltr'>versus</span> <span class='ocrx_word' id='word_1_235' title='bbox 2469 3871 2721 3935; x_wconf 90' lang='lat' dir='ltr'>Zolium</span> <span class='ocrx_word' id='word_1_236' title='bbox 2760 3881 2823 3933; x_wconf 90' lang='lat' dir='ltr'>et</span> <span class='ocrx_word' id='word_1_237' title='bbox 2863 3888 3015 3934; x_wconf 88' lang='lat' dir='ltr'>con-</span> 
     </span>
     <span class='ocr_line' id='line_1_32' title="bbox 770 3987 3018 4073; baseline -0.003 -17"><span class='ocrx_word' id='word_1_238' title='bbox 770 3999 1115 4073; x_wconf 89' lang='lat' dir='ltr'>sequenter</span> <span class='ocrx_word' id='word_1_239' title='bbox 1161 3990 1278 4069; x_wconf 87' lang='lat' dir='ltr'>ipsi</span> <span class='ocrx_word' id='word_1_240' title='bbox 1329 3989 1583 4068; x_wconf 86' lang='lat' dir='ltr'>reginali</span> <span class='ocrx_word' id='word_1_241' title='bbox 1635 3988 2083 4049; x_wconf 87' lang='lat' dir='ltr'>maiestatibus</span> <span class='ocrx_word' id='word_1_242' title='bbox 2129 3989 2212 4049; x_wconf 86' lang='lat' dir='ltr'>ad</span> <span class='ocrx_word' id='word_1_243' title='bbox 2261 3987 2513 4049; x_wconf 85' lang='lat' dir='ltr'>Budarn</span> <span class='ocrx_word' id='word_1_244' title='bbox 2563 3990 2793 4050; x_wconf 81' lang='lat' dir='ltr'>vexilla</span> <span class='ocrx_word' id='word_1_245' title='bbox 2838 4000 3018 4051; x_wconf 86' lang='lat' dir='ltr'>reve-</span> 
     </span>
     <span class='ocr_line' id='line_1_33' title="bbox 771 4104 3021 4184; baseline 0 -14"><span class='ocrx_word' id='word_1_246' title='bbox 771 4116 980 4171; x_wconf 91' lang='lat' dir='ltr'>renter</span> <span class='ocrx_word' id='word_1_247' title='bbox 1027 4107 1366 4169; x_wconf 89' lang='lat' dir='ltr'>destinavit</span> <span class='ocrx_word' id='word_1_248' title='bbox 1411 4123 1525 4183; x_wconf 90' lang='lat' dir='ltr'>pro</span> <span class='ocrx_word' id='word_1_249' title='bbox 1568 4105 1854 4184; x_wconf 89' lang='lat' dir='ltr'>ipsarum</span> <span class='ocrx_word' id='word_1_250' title='bbox 1893 4111 2111 4166; x_wconf 88' lang='lat' dir='ltr'>nostre</span> <span class='ocrx_word' id='word_1_251' title='bbox 2151 4113 2212 4167; x_wconf 87' lang='lat' dir='ltr'>et</span> <span class='ocrx_word' id='word_1_252' title='bbox 2259 4104 2554 4183; x_wconf 89' lang='lat' dir='ltr'>reginalis</span> <span class='ocrx_word' id='word_1_253' title='bbox 2603 4105 3021 4171; x_wconf 75' lang='lat' dir='ltr'>maiestatum</span> 
     </span>
     <span class='ocr_line' id='line_1_34' title="bbox 772 4206 3026 4300; baseline -0.001 -14"><span class='ocrx_word' id='word_1_254' title='bbox 772 4225 1038 4288; x_wconf 90' lang='lat' dir='ltr'>honoris</span> <span class='ocrx_word' id='word_1_255' title='bbox 1095 4223 1303 4284; x_wconf 78' lang='lat' dir='ltr'>eximii</span> <span class='ocrx_word' id='word_1_256' title='bbox 1364 4230 1427 4282; x_wconf 92' lang='lat' dir='ltr'>et</span> <span class='ocrx_word' id='word_1_257' title='bbox 1482 4223 1678 4299; x_wconf 87' lang='lat' dir='ltr'>glorie</span> <span class='ocrx_word' id='word_1_258' title='bbox 1736 4221 2013 4300; x_wconf 85' lang='lat' dir='ltr'>ingentis</span> <span class='ocrx_word' id='word_1_259' title='bbox 2070 4222 2412 4285; x_wconf 86' lang='lat' dir='ltr'>uberrimis</span> <span class='ocrx_word' id='word_1_260' title='bbox 2470 4220 2877 4283; x_wconf 90' lang='lat' dir='ltr'>incrementis</span> <span class='ocrx_word' id='word_1_261' title='bbox 2939 4206 3026 4283; x_wconf 63' lang='lat' dir='ltr'>ab</span> 
     </span>
     <span class='ocr_line' id='line_1_35' title="bbox 772 4337 2497 4416; baseline -0.003 -14"><span class='ocrx_word' id='word_1_262' title='bbox 772 4341 968 4404; x_wconf 89' lang='lat' dir='ltr'>totius</span> <span class='ocrx_word' id='word_1_263' title='bbox 1018 4339 1217 4400; x_wconf 90' lang='lat' dir='ltr'>nostri</span> <span class='ocrx_word' id='word_1_264' title='bbox 1269 4339 1618 4400; x_wconf 88' lang='lat' dir='ltr'>commodo</span> <span class='ocrx_word' id='word_1_265' title='bbox 1667 4338 1843 4416; x_wconf 87' lang='lat' dir='ltr'>regni</span> <span class='ocrx_word' id='word_1_266' title='bbox 1890 4337 2153 4398; x_wconf 88' lang='lat' dir='ltr'>antefati</span> <span class='ocrx_word' id='word_1_267' title='bbox 2198 4384 2213 4399; x_wconf 92' lang='lat'>.</span> <span class='ocrx_word' id='word_1_268' title='bbox 2262 4386 2276 4399; x_wconf 87' lang='lat'><strong>.</strong></span> <span class='ocrx_word' id='word_1_269' title='bbox 2331 4382 2343 4397; x_wconf 92' lang='lat'><strong><em>.</em></strong></span> <span class='ocrx_word' id='word_1_270' title='bbox 2397 4337 2497 4398; x_wconf 84' lang='lat'>.“.</span> 
     </span>
    </p>
   </div>
   <div class='ocr_carea' id='block_1_5' title="bbox 986 4486 3027 4559">
    <p class='ocr_par' dir='ltr' id='par_1_5' title="bbox 986 4476 3027 4559">
     <span class='ocr_line' id='line_1_36' title="bbox 986 4486 3027 4559; baseline 0 -14"><span class='ocrx_word' id='word_1_271' title='bbox 986 4497 1243 4559; x_wconf 80' lang='lat' dir='ltr'>Eredetije</span> <span class='ocrx_word' id='word_1_272' title='bbox 1272 4511 1301 4543; x_wconf 84' lang='lat' dir='ltr'>a</span> <span class='ocrx_word' id='word_1_273' title='bbox 1326 4497 1413 4559; x_wconf 87' lang='lat' dir='ltr'>hg.</span> <span class='ocrx_word' id='word_1_274' title='bbox 1445 4494 1766 4559; x_wconf 77' lang='lat' dir='ltr'>Eszterhazy</span> <span class='ocrx_word' id='word_1_275' title='bbox 1793 4494 1968 4545; x_wconf 75' lang='lat' dir='ltr'>cs&#39;alad</span> <span class='ocrx_word' id='word_1_276' title='bbox 1998 4497 2301 4546; x_wconf 85' lang='lat' dir='ltr'>kismartoni</span> <span class='ocrx_word' id='word_1_277' title='bbox 2341 4495 2711 4557; x_wconf 75' lang='lat' dir='ltr'>leveltaraban,</span> <span class='ocrx_word' id='word_1_278' title='bbox 2738 4496 2823 4546; x_wconf 84' lang='lat'>47.</span> <span class='ocrx_word' id='word_1_279' title='bbox 2853 4496 2902 4547; x_wconf 88' lang='lat' dir='ltr'>S.</span> <span class='ocrx_word' id='word_1_280' title='bbox 2934 4486 3027 4545; x_wconf 82' lang='lat'><strong>1‘2.</strong></span> 
     </span>
    </p>
   </div>
   <div class='ocr_carea' id='block_1_6' title="bbox 3454 4327 3462 5056">
    <p class='ocr_par' dir='ltr' id='par_1_6' title="bbox 3454 4327 3462 5056">
     <span class='ocr_line' id='line_1_37' title="bbox 3454 4327 3462 5056; baseline 0 0"><span class='ocrx_word' id='word_1_281' title='bbox 3454 4327 3462 5056; x_wconf 95' lang='lat' dir='ltr'> </span> 
     </span>
    </p>
   </div>
  </div>
 </body>
</html>
