3475 5200
1402 370 1794 423 —155—

688 589 759 652 R.
798 588 1141 651 Ladislaus
1172 588 1254 651 de
1286 587 1620 669 Rozvagh,
1654 588 1759 653 Fr.
1787 588 2124 651 Johannes
2154 588 2326 668 prior
2365 604 2491 650 suo
2523 588 2723 650 modo

473 696 536 758 in
569 695 1023 777 Zempliniensi
1064 713 1145 758 ac
1185 696 1344 759 feria
1384 696 1678 759 secunda
1718 704 1871 759 ante
1910 695 2318 776 Margarethe
2366 694 2721 775 Georgium

472 804 536 866 in
581 803 934 884 Wyfalwa,
983 802 1324 866 Ladislaus
1368 802 1451 865 de
1489 802 1740 866 Pathak
1787 804 1851 865 in
1899 803 2128 866 eadem
2178 802 2534 865 officiolatu
2575 819 2720 867 su0.

473 910 711 973 Datum
759 910 1111 974 tredecimo
1159 911 1283 974 die.

687 1087 909 1151 Eredeti‚
946 1090 1112 1154 papir,
1150 1084 1380 1138 zarlatiin
1417 1084 1769 1153 papirffilzetfi
1804 1083 2074 1153 pecsbttel.
2105 1087 2308 1151 Lelesz,
2337 1089 2573 1139 actorum
2600 1087 2723 1138 anni

479 1178 628 1228 1448.
669 1175 766 1228 No.
809 1176 892 1229 24.
933 1172 1210 1239 VizsoltoS‚
1249 1177 1597 1227 szakadozott
1635 1174 1858 1228 oklevel.

1415 1481 1758 1546 CCXXVI.

1188 1677 1502 1758 Szendr6‚
1548 1676 1727 1742 1449
1773 1678 1939 1761 mcij.
1987 1678 2097 1744 21.

470 1874 789 1926 Brankovics
815 1874 1035 1941 Gyorgy
1061 1873 1180 1925 πάσι
1206 1877 1466 1940 deszpota
1489 1872 1972 1940 bizonysiglevele,
1996 1876 2142 1940 hogy
2166 1872 2200 1925 6
2226 1890 2258 1925 a
2280 1888 2499 1939 magyar
2522 1874 2720 1924 rendek

467 1960 860 2029 megbizasdbol
887 1964 1041 2015 Garai
1068 1961 1258 2015 Ldszlo
1289 1961 1535 2016 nddorral
1562 1962 1622 2015 es
1661 1964 1835 2029 Ujlaki
1865 1964 2060 2016 Miklos
2088 1963 2286 2030 erdelyi
2313 1961 2559 2028 vajddval
2585 1978 2617 2013 a
2641 1964 2718 2014 to·

465 2054 646 2106 rokkel
683 2051 919 2105 kotendo
956 2048 1424 2119 fegyver’sziinetre
1462 2051 1629 2105 nezve
1667 2054 1934 2120 bizonyos
1972 2055 2281 2119 pontokban
2308 2050 2720 2118 megfflapodott

468 2141 525 2194 es
573 2159 605 2194 a
649 2142 1165 2210 segyverszfinetnek
1219 2141 1607 2195 kieszkozleset
1659 2158 1691 2193 a
1727 2145 1883 2194 toi-ok
1922 2140 2218 2194 szultz'mnal
2242 2140 2454 2208 magara
2489 2139 2716 2193 vallalta.

677 2304 884 2356 Teleki:
924 2305 989 2357 H.
1028 2305 1091 2357 Κ.
1129 2305 1192 2357 Χ.
1235 2306 1536 2357 243-244.

1411 2612 1785 2676 CCXXVII.

1133 2844 1351 2924 Buda,
1399 2842 1597 2908 1450.
1646 2841 1894 2909 κάνεα.
1941 2844 2051 2909 23.

457 3036 670 3090 Paloczi
689 3035 880 3090 Laszlc‘)
901 3036 1211 3105 orszagbiro
1231 3040 1547 3105 meghagyja
1565 3039 1787 3091 aleleszi
1806 3040 2166 3104 konventnek,
2184 3042 2372 3106 hogya
2392 3041 2714 3092 Brankovics

466 3128 684 3194 Gyorgy
700 3125 821 3180 πᾶσι
834 3130 1090 3197 deszpota
1102 3131 1328 3181 emberei
1339 3127 1462 3181 fatal
1480 3127 1687 3180 Pmdczi
1706 3128 1889 3180 Simon
1907 3131 2223 3195 ungmegyei
2234 3130 2494 3181 birtokain
2507 3130 2715 3180 elkove-

843 3224 941 3271 tett
975 3217 1423 3271 hatalmaskodiisi
1461 3220 1676 3285 iigyben
1712 3216 2032 3284 vizsgzilatot
2068 3216 2318 3272 inditson.

678 3382 923 3446 Amicis
986 3384 1125 3446 suis
1189 3384 1559 3446 reverendis
1624 3384 1978 3447 conventui
2045 3384 2318 3459 ecclesie
2383 3383 2465 3446 de
2521 3383 2713 3447 Lelez

461 3505 687 3551 comes
751 3489 1094 3554 Ladislaus
1158 3491 1240 3553 de
1305 3490 1538 3553 Palocz
1607 3492 1805 3554 iudex
1883 3492 2059 3554 curie
2125 3492 2297 3572 regie
2362 3491 2711 3554 amicitiam

462 3604 753 3675 paratam
801 3615 953 3659 cum
1002 3598 1268 3660 honore.
1318 3597 1640 3661 Noveritis
1687 3599 1866 3679 quod
1912 3599 2240 3661 Adrianus
2295 3599 2584 3662 literatus
2629 3599 2711 3662 de

464 3702 772 3765 Helmecz
844 3722 962 3784 pro
1036 3705 1387 3784 magnifico
1464 3702 1733 3768 Simone
1801 3707 1883 3769 de
1928 3702 2180 3783 [eadem
2257 3705 2492 3769 Palocz
2557 3723 2709 3768 cum

464 3811 918 3888 procuratoriis
990 3811 1186 3874 literis
1264 3813 1503 3874 nostris
1581 3813 1764 3875 iuxta
1840 3814 2303 3876 continentiam
2385 3813 2709 3875 literarum

465 3924 829 3979 nostrarum
887 3919 1474 3998 prorogatoriarum
1525 3920 1588 3982 in
1657 3927 1928 3983 octavas
1984 3920 2130 3983 festi
2195 3919 2709 4001 Epiphaniamm

465 4022 702 4086 domini
751 4025 815 4086 in
862 4025 1073 4104 figura
1137 4026 1337 4089 nostri
1396 4027 1610 4089 iudicii
1659 4028 2122 4107 comparendo,
2183 4036 2409 4089 contra
2471 4026 2712 4089 Johan·

469 4146 616 4192 nem
686 4132 766 4193 de
835 4131 1090 4195 Chahol
1155 4135 1495 4214 proposuit
1561 4152 1643 4197 eo
1706 4134 1929 4213 mod0,
1999 4136 2334 4214 quomodo
2399 4135 2713 4215 proximis

465 4236 937 4300 disturbionum
1004 4241 1407 4320 temporibus
1476 4240 1735 4302 illustris
1810 4241 2112 4321 princeps
2186 4241 2493 4304 dominus
2567 4241 2712 4304 des-

463 4354 655 4422 potus
721 4344 951 4408 Rascie
1006 4348 1308 4424 nescitur,
1359 4365 1492 4426 quo
1539 4356 1723 4409 motu
1770 4346 2012 4409 ductus
2069 4348 2314 4428 spiritu,
2362 4349 2583 4412 missis
2648 4357 2713 4412 et

464 4451 795 4514 destinatis
847 4452 1269 4516 familiaribus
1320 4454 1461 4517 suis
1508 4471 1706 4533 quam
1735 4455 2052 4534 pluribuS,
2087 4455 2417 4534 signanter
2459 4456 2710 4536 prefato

462 4555 758 4621 Johanne
807 4559 888 4621 de
936 4559 1190 4623 Chahol
1236 4560 1320 4622 ad
1368 4562 1830 4641 possessiones
1876 4561 2026 4624 dicti
2085 4562 2492 4642 exponentis,
2550 4570 2711 4643 puta

2796 687 2905 732 1448

2764 758 2853 815 jul.
2882 759 2926 804 8.

2798 903 2904 946 1448

2751 975 2839 1031 jm.
2868 975 2940 1019 20.

2790 3896 2895 3939 1450

2741 3969 2841 4022 jan.
2866 3969 2931 4011 13.
