3475 5200
1307 354 1697 408 —173—

383 576 615 638 rabiles
647 575 889 637 domini
912 573 1170 636 Blasius
1190 582 1437 650 custOS,
1459 572 1758 635 Andreas
1778 574 1859 635 de
1889 573 2258 654 PeryemeS‚
2291 574 2627 638 Johannes

379 683 464 745 de
493 682 751 762 Gywla‚
784 681 1023 743 Mihael
1054 681 1135 744 de
1163 680 1489 761 Thehnye
1520 698 1600 742 ac
1639 681 1949 760 magister
1978 681 2296 744 Martinus
2329 682 2625 744 canonici

381 791 548 853 dicte
578 789 851 852 ecclesie
873 788 1275 864 Orodiensis,
1296 795 1507 850 metas
1537 788 1979 867 possessionis
2011 789 2300 869 ipsorum
2332 789 2630 852 Kazaker

376 905 610 959 vocate
685 897 750 958 in
828 897 1140 964 comitatu
1205 894 1546 958 Orodiensi
1624 896 1958 958 existentis
2037 895 2277 974 habite,
2340 914 2382 957 a
2446 904 2628 976 parte

377 1006 569 1068 castri
587 1004 846 1081 illustris
865 1003 1170 1085 principis
1193 1003 1435 1065 domini
1458 1002 1717 1083 Georgii
1755 1003 2008 1083 despoti
2032 1003 2260 1067 Rascie
2279 1002 2627 1083 Wylagos-

377 1131 518 1175 war
562 1112 797 1188 vocati,
847 1113 1026 1173 iuxta
1075 1110 1538 1173 continentiam
1586 1111 1939 1174 litterarum
1973 1112 2391 1174 dominorum
2426 1111 2625 1192 prela-

383 1229 597 1282 torum
647 1229 710 1282 et
757 1221 1102 1298 baronum,
1155 1218 1472 1281 nobilium
1519 1227 1582 1280 et
1629 1236 1973 1299 procerum
2022 1219 2198 1298 regni
2246 1217 2663 1294 voluissent‚.

379 1337 538 1389 tunc
598 1327 868 1407 Braysla
913 1306 1455 1388 vicecastellanus
1520 1335 1585 1388 et
1641 1324 1969 1387 familiaris
2024 1326 2317 1389 eiusdem
2383 1325 2627 1388 domini

380 1434 655 1515 despoti,
703 1434 784 1496 de
829 1435 1164 1496 voluntate
1194 1443 1257 1496 et
1289 1433 1714 1512 permissione
1747 1434 2041 1496 eiusdem
2074 1432 2316 1495 domini
2350 1433 2626 1512 despoti,

378 1543 462 1604 de
508 1542 844 1604 illustrium
893 1540 1156 1603 domine
1201 1540 1413 1602 Jerine
1470 1541 1813 1617 consortis,
1863 1540 2174 1619 Gregorii,
2208 1530 2523 1620 Stephani
2566 1546 2629 1601 et

380 1649 607 1711 Lazari
655 1649 954 1722 filiorum,
1002 1664 1262 1710 necnon
1314 1646 1647 1724 Wlathk0‚
1696 1648 2025 1710 castellani
2062 1648 2356 1710 eiusdem
2381 1647 2624 1709 domini

382 1755 655 1837 despoti,
704 1773 818 1836 per
863 1755 1078 1835 ipsum
1127 1755 1189 1817 in
1259 1755 1429 1817 dicto
1498 1765 1711 1817 castro
1770 1755 2230 1836 Wylagoswar
2276 1754 2626 1831 constituti,

375 1880 665 1925 unacum
695 1862 1022 1925 nonnullis
1054 1861 1410 1938 Rascianis,
1437 1879 1696 1924 necnon
1730 1863 1916 1923 Petro
1949 1862 2079 1923 filio
2112 1861 2310 1938 Luce,
2344 1861 2627 1940 Georgio

379 1971 616 2047 Fabm,
672 1969 972 2033 Emerico
1038 1967 1306 2048 Warga,
1377 1969 1646 2048 aliisque
1713 1970 2205 2049 quampluribus
2261 1969 2520 2048 populis
2567 1976 2631 2031 et

377 2077 832 2156 iobagionibus
857 2076 1148 2138 eiusdem
1180 2075 1421 2138 domini
1449 2076 1699 2156 despoti
1724 2076 1788 2137 in
1811 2075 2005 2154 opido
2039 2074 2200 2156 Sery
2223 2094 2628 2139 commoran-

379 2185 554 2246 tibus
582 2185 647 2247 in
681 2184 951 2247 eosdem
984 2184 1232 2262 regium
1266 2191 1329 2245 et
1358 2184 1615 2264 capituli
1649 2183 1951 2245 homines
1990 2201 2245 2246 necnon
2288 2184 2629 2246 iamdictos

380 2291 687 2354 dominos
750 2292 830 2353 de
901 2289 1152 2370 prefato
1219 2291 1502 2370 capitulo
1568 2300 1728 2370 puta
1801 2290 2086 2354 Blasium
2156 2291 2499 2353 custodem
2565 2298 2628 2353 et

379 2398 545 2461 alios
591 2398 915 2479 predictos
962 2399 1027 2459 in
1075 2398 1217 2478 ipsa
1266 2399 1777 2461 reambulatione
1827 2407 2145 2461 metarum
2180 2398 2626 2478 procedenteS,

378 2506 611 2585 gladiis
656 2513 720 2567 et
764 2504 1006 2567 bicellis
1038 2503 1420 2584 evaginatis,
1449 2506 1587 2567 aliis
1616 2523 1947 2568 armorum
1980 2506 2328 2585 generibus
2360 2506 2629 2586 arreptis

379 2610 791 2689 irruentibuS,
840 2613 1092 2693 gladios
1156 2620 1219 2675 et
1285 2614 1587 2675 biccellos
1634 2615 1925 2693 ipsorum
1983 2631 2181 2694 supra
2229 2615 2442 2694 capita
2487 2633 2628 2695 pre·

383 2721 666 2782 satorum
738 2720 889 2799 regii
946 2730 1011 2781 et
1057 2720 1314 2801 capituli
1364 2720 1704 2782 hominum
1754 2740 1831 2783 ac
1881 2721 2314 2800 predictorum
2364 2722 2627 2784 canoni-

385 2845 616 2890 corum
663 2828 1051 2890 vimbrando
1099 2827 1366 2891 eosdem
1418 2828 1845 2891 dimembrare
1893 2836 1954 2890 et
2004 2837 2209 2891 morte
2256 2830 2630 2909 turpissima

386 2936 748 2998 interimere
794 2936 1173 3011 voluissent,
1224 2935 1344 2997 nisi
1389 2953 1543 2997 mox
1576 2936 1705 2997 iam
1748 2936 2134 3016 supplicatio
2190 2930 2625 2999 antefatorum

384 3042 802 3105 dominorum
850 3044 1043 3105 etiam
1092 3043 1469 3105 iuramentis
1501 3060 1728 3105 eorum
1764 3044 2041 3124 prestitis
2088 3061 2285 3124 super
2319 3061 2419 3122 e0,
2453 3045 2628 3124 quod

387 3150 510 3229 ipsi
567 3149 983 3229 nequamodo
1051 3167 1163 3230 per
1208 3151 1487 3229 amplius
1535 3159 1903 3230 temporum
1958 3152 2020 3213 in
2079 3169 2397 3213 successu
2452 3151 2630 3232 ipsas

387 3264 601 3320 metas
648 3258 1071 3335 reambulare‚
1120 3274 1245 3319 nec
1276 3258 1521 3320 ratione
1554 3258 2027 3337 prosecutionis
2060 3258 2417 3320 eorundem
2450 3260 2630 3339 preli-

385 3366 543 3427 bato
600 3365 866 3427 domino
923 3366 1201 3445 despoto
1257 3366 1716 3445 improperare,
1764 3384 1979 3446 neque
2026 3368 2243 3446 ipsum
2291 3366 2629 3429 dominum

383 3473 736 3552 despotum
785 3481 847 3535 et
895 3489 1055 3534 suos
1101 3472 1451 3536 familiares
1494 3474 1966 3552 quoquomodo
1999 3476 2341 3536 molestare
2374 3474 2629 3549 vellent,

385 3578 560 3641 sacta
607 3580 935 3641 extitisset.
985 3580 1281 3642 Preterea
1328 3581 1498 3642 idem
1548 3580 1821 3661 Braysla
1868 3590 1929 3643 et
1961 3582 2062 3643 alii
2111 3581 2409 3643 Rasciani
2459 3581 2630 3643 duos

382 3688 594 3749 boves
641 3687 982 3748 cuiusdam
1033 3687 1207 3748 Pauli
1257 3688 1620 3766 iobagionis
1669 3688 1893 3767 prefati
1944 3689 2201 3768 capitul-i
2253 3689 2630 3751 Orodiensis

384 3796 447 3856 in
519 3794 790 3873 Megyer
866 3793 1204 3856 residentis
1269 3812 1419 3855 cum
1486 3796 1659 3874 ligna
1724 3795 1805 3857 de
1883 3796 2043 3857 silva
2109 3796 2172 3857 in
2242 3797 2634 3875 pertinentiis

383 3901 829 3980 possessionis
849 3902 1116 3981 Megyer
1134 3919 1366 3964 versus
1388 3903 1642 3982 propria
1664 3903 1726 3963 in
1748 3904 1947 3963 libera
1978 3904 2082 3964 via
2108 3903 2207 3965 die
2230 3897 2306 3983 (P)
2330 3952 2343 3965 .
2375 3951 2630 3965 .......

382 4015 682 4087 repertus
727 4008 1135 4085 occidissent,
1186 4010 1464 4072 duorum
1499 4027 1655 4071 vero
1687 4010 2108 4088 iobagionum
2143 4010 2433 4071 eiusdem
2465 4010 2635 4089 capi-

380 4117 496 4178 tuli
545 4116 610 4177 in
660 4116 889 4178 eadem
938 4117 1135 4178 libera
1179 4118 1283 4178 via
1331 4118 1500 4178 duos
1530 4135 1761 4179 currus
1794 4117 2174 4196 recipientes
2206 4117 2636 4179 abduxissent

379 4231 449 4284 et
495 4223 667 4285 duos
716 4240 797 4284 ex
846 4225 1092 4287 eisdem
1140 4224 1598 4303 iobagionibus
1646 4224 1883 4285 ibidem
1933 4224 2064 4285 dire
2113 4232 2174 4285 et
2223 4224 2451 4287 acriter
2492 4242 2634 4287 ver-

383 4331 746 4392 berassent.
797 4330 898 4392 Eo
947 4349 1077 4392 non
1129 4332 1411 4393 contenti
1460 4341 1741 4410 quatuor
1788 4349 1998 4411 equos
2046 4332 2466 4411 iobagionum
2510 4334 2635 4394 dic-

381 4446 602 4499 torum
652 4437 1062 4500 dominorum
1111 4440 1173 4499 in
1226 4438 1572 4518 Mykelaka
1620 4441 2163 4501 commorantium
2194 4440 2637 4516 abstulissent,

379 4561 508 4606 nec
554 4544 641 4607 ad
689 4546 1070 4625 sepissimas
1117 4547 1473 4608 eorundem
1522 4548 1935 4609 dominorum
1985 4549 2325 4627 petitiones
2372 4548 2640 4611 reddere
