3475 5200
1368 408 1434 417 -..
1509 380 1577 430 89
1653 407 1718 414 -

1424 598 1635 660 CLXI.

1127 794 1342 871 Euda,
1391 792 1584 856 1431.
1620 793 1805 872 febr.
1853 793 1958 856 23.

424 951 578 1001 Garai
617 952 809 1004 Miklos
866 951 1035 1003 nador
1091 955 1407 1017 meghagyja
1465 951 1629 1003 Kallai
1687 954 1864 1003 Lol-:os
1922 956 1988 1003 fia
2043 952 2342 1004 Miklosnak
2397 951 2454 1002 es
2493 952 2665 1003 fianak

423 1038 708 1106 Jimosnak,
763 1043 910 1107 hogy
947 1058 979 1092 a
1018 1043 1336 1092 Brankovics
1396 1042 1612 1108 Gyorgy
1685 1041 1805 1093 racz
1863 1045 2121 1107 deszpota
2176 1044 2484 1092 debreczeni
2544 1039 2665 1093 hive
2754 1067 2757 1076 =

421 1128 630 1192 TamAS,
670 1133 916 1183 valamint
954 1148 986 1181 a
1024 1133 1283 1196 deszpota
1320 1134 1487 1182 ottani
1524 1131 1831 1182 alattvaloin
1857 1133 2142 1196 elkovetett
2166 1130 2666 1183 hatalmaskodasok

428 1217 674 1283 iigyt'zben
713 1224 1047 1286 egyezzenek
1074 1222 1142 1283 ki,
1169 1223 1382 1286 nehogy
1412 1237 1443 1271 a
1462 1221 1627 1286 kiraly
1657 1224 1701 1272 is
1726 1221 1996 1273 tudomast
2019 1237 2223 1287 vegyen
2250 1239 2281 1272 a
2311 1220 2664 1272 torte'ntekrffl.

634 1368 891 1449 Egregii
940 1376 1003 1433 et
1048 1369 1299 1432 nobiles
1349 1368 1461 1430 viri
1509 1369 1695 1430 amici
1746 1370 1934 1431 nobis
1983 1369 2233 1432 sincere
2285 1370 2512 1431 dilecti.
2563 1368 2669 1431 Ex

424 1475 855 1539 insinuatione
906 1477 1162 1540 illustris
1208 1476 1509 1557 principis
1540 1475 1783 1540 domini
1817 1476 2075 1557 Georgii
2117 1477 2371 1557 despoti
2403 1477 2665 1538 Rasscie

424 1584 617 1646 nobis
666 1586 1011 1662 querulose
1060 1591 1355 1664 porrecta
1402 1584 1833 1664 percepimus,
1902 1585 2237 1669 quomodo
2301 1601 2424 1647 vos
2491 1585 2669 1645 cives

424 1699 487 1752 et
533 1691 913 1770 iobagiones
977 1709 1139 1754 suos
1204 1691 1266 1752 in
1316 1692 1510 1770 opido
1577 1690 1954 1753 Debreczen
2020 1700 2083 1753 et
2142 1691 2435 1753 eiusdem
2482 1693 2667 1770 perti-

425 1799 655 1861 nentiis
686 1817 765 1859 ac
798 1799 1488 1860 circumadiacentibus
1531 1800 1691 1861 locis
1724 1807 2207 1861 commorantes
2243 1800 2669 1877 multipliciter

423 1906 832 1985 impediretis,
883 1906 1432 1985 dampnificaretis
1479 1913 1543 1966 et
1589 1906 1944 1984 gravaretis
1992 1914 2055 1968 et
2102 1908 2262 1967 inter
2294 1905 2668 1968 huiusmodi

423 2012 883 2092 impedimenta
931 2020 995 2075 et
1042 2012 1668 2092 dampnificationes,
1720 2030 1954 2074 omnes
1999 2030 2103 2075 res
2162 2021 2225 2075 et
2270 2003 2447 2075 bona
2514 2031 2669 2091 que-

420 2121 569 2182 libet
617 2121 1131 2183 mercimoniales
1180 2129 1241 2182 et
1288 2121 1792 2182 mercimonialia
1840 2121 2183 2182 simulcurn
2233 2120 2435 2183 tribus
2484 2120 2669 2199 equis
2718 2122 2722 2127 '

423 2237 484 2289 et
532 2246 723 2290 curru
772 2228 909 2291 suis
956 2227 1040 2289 ad
1090 2229 1222 2290 duo
1272 2227 1443 2288 milia
1490 2227 1774 2289 florenos
1840 2227 2072 2306 pariter
2136 2244 2208 2289 se
2258 2226 2669 2289 extendentia

424 2336 484 2397 in
533 2336 697 2414 foro,
764 2336 828 2396 in
895 2335 1091 2414 opido
1159 2342 1378 2397 vestro
1449 2334 1635 2396 Kallo
1700 2341 1940 2396 vocato
2007 2334 2310 2395 celebrari
2368 2335 2555 2396 solito
2604 2334 2666 2395 in

422 2461 595 2506 anno
662 2444 955 2522 proxime
1019 2449 1373 2518 transactO,
1442 2441 1743 2504 Thomae
1810 2441 2120 2504 institoris
2168 2442 2327 2503 civis
2374 2440 2667 2503 eiusdem

425 2550 665 2623 domini
713 2550 1005 2631 despotis
1054 2552 1133 2613 de
1192 2550 1359 2612 dicta
1407 2549 1807 2626 Debreczen,
1877 2550 2053 2613 omni
2101 2567 2225 2613 sua
2272 2549 2411 2611 sine
2477 2550 2669 2630 culpa

426 2659 828 2739 recepissetis
862 2666 925 2720 et
953 2659 1401 2720 abstulissetis.
1454 2657 1757 2737 Cumque
1807 2657 2129 2719 talismodi
2187 2664 2376 2721 actus
2425 2659 2666 2720 nedum

427 2766 488 2828 in
538 2767 838 2829 absentia
866 2784 1097 2846 ymmo
1129 2783 1249 2828 nec
1284 2766 1348 2827 in
1381 2766 1707 2845 presentia
1743 2766 2135 2828 serenissimi
2171 2766 2414 2829 domini
2466 2769 2666 2830 nostri

2746 2408 2850 2451 14³0

425 2875 592 2953 regis
643 2874 956 2936 committi
1003 2874 1240 2935 debent
1289 2880 1352 2935 et
1399 2874 1772 2953 perpetrari,
1823 2873 2011 2951 igitur
2057 2875 2373 2937 amicitias
2416 2882 2668 2937 vestras
2726 2934 2727 2939 ,

425 2982 834 3062 presentibus
881 2980 1285 3059 requirimUS‚
1317 2982 1587 3042 eosdem
1623 2981 2083 3043 nichilominus
2115 2981 2177 3043 in
2203 2998 2486 3060 persona
2520 2983 2668 3044 dicti

426 3089 667 3151 domini
716 3090 916 3151 nostri
966 3089 1152 3168 regiS,
1204 3088 1391 3149 cuius
1438 3089 1501 3150 in
1548 3088 1846 3149 absentia
1895 3089 2242 3150 vicariatus
2274 3089 2492 3152 officio
2525 3090 2667 3151 fun·

425 3197 655 3276 gimur‚
705 3199 1061 3272 hortamur,
1109 3203 1437 3274 quatenus
1485 3197 1802 3276 premissa
1851 3196 1942 3257 sic
1991 3203 2053 3257 et
2101 3196 2270 3258 adeo
2318 3196 2667 3258 certificare

426 3313 488 3367 et
534 3305 876 3384 disponere
923 3305 1151 3380 velitiS,
1200 3322 1281 3366 ne
1329 3304 1414 3365 ad
1461 3304 1752 3366 notitiam
1801 3302 1947 3365 dicti
1997 3303 2238 3365 domini
2269 3304 2468 3366 nostri
2499 3304 2669 3383 regis

425 3413 818 3493 peramplius
855 3411 1293 3488 deducantur,
1341 3412 1425 3472 ad
1476 3411 1664 3474 cuius
1712 3413 1765 3473 si
1815 3412 2106 3473 notitiam
2154 3419 2217 3473 et
2273 3411 2666 3490 presentiam

426 3520 797 3582 devenerint
845 3519 1036 3580 nichil
1085 3520 1409 3581 credimus
1458 3526 1776 3596 quantum
1841 3519 1925 3579 ad
1988 3526 2273 3580 vestram
2334 3519 2667 3580 utilitatem

426 3634 494 3688 et'
532 3626 898 3706 profectum
946 3627 1179 3688 exinde
1212 3626 1393 3704 sequi
1427 3632 1490 3686 et
1534 3626 1844 3687 resultari.
1881 3625 2124 3687 Datum
2160 3626 2341 3687 Bude
2374 3627 2668 3688 secundo

424 3734 523 3796 die
558 3734 704 3797 festi
737 3735 906 3796 beati
939 3733 1404 3815 Petri-apostoli
1435 3735 1517 3795 ad
1544 3733 1949 3808 kathedram,
1984 3750 2158 3795 anno
2192 3740 2312 3794 etc.
2362 3733 2667 3794 XXXIm0.

609 3894 922 3958 Nicolaus
971 3896 1052 3957 de
1102 3895 1276 3957 Gara

467 4002 647 4081 regni
694 4003 1025 4081 Hungarie
1073 4002 1417 4082 palatinuS.

638 4204 882 4268 Kivizl:
929 4207 1223 4287 Egsegiis
1272 4216 1335 4269 et
1382 4208 1707 4270 nobilibus
1773 4208 1925 4269 viris
1975 4207 2218 4269 Nicolai
2285 4207 2416 4268 filio
2482 4207 2668 4267 Lew-

427 4315 609 4376 kews
674 4315 754 4376 de
831 4314 1016 4376 Kallo
1091 4323 1154 4376 et
1225 4315 1504 4377 Johanni
1589 4310 1723 4377 filio
1804 4315 2096 4377 eiusdem
2171 4314 2397 4375 amicis
2477 4315 2668 4376 nobis

429 4422 673 4484 sincere
722 4423 986 4487 dilectis,

642 4580 869 4642 Eredeti,
906 4579 1108 4647 hin-tyn,
1149 4578 1378 4631 zariatan
1419 4580 1600 4646 pecset
1636 4582 1953 4646 nyornaival.
1993 4580 2064 4630 M.
2106 4580 2165 4630 N.
2206 4580 2275 4628 M.
2304 4578 2487 4642 Kallay
2515 4593 2583 4627 cs.
2614 4579 2667 4628 lt.

2744 3748 2843 3792 1431

2686 3822 2803 3865 febr.
2831 3820 2888 3865 23
