3475 5200
1401 414 1470 426 --
1545 386 1790 440 193—

1462 660 1735 725 CCLIX.

1205 855 1406 938 Jo'fa,
1439 855 1637 922 1455.
1684 862 1875 939 περὶ.
1926 856 1986 920 5.

471 1019 723 1084 Hunyadi
780 1017 943 1069 Jz'mos
999 1015 1319 1082 Kapisztnin
1375 1015 1623 1068 Jzinossal
1675 1018 1898 1083 tudatJa,
1954 1018 2102 1082 hogy
2137 1016 2326 1083 lefmya
2380 1014 2633 1085 (menye),
2692 1035 2723 1070 a

471 1111 729 1174 deszpota
765 1105 1011 1173 unoktija‚
1050 1123 1114 1158 az
1154 1105 1409 1159 uralkodo
1462 1107 1631 1173 pestis
1685 1105 1891 1172 folytim
1948 1105 2154 1158 szinten
2190 1105 2537 1173 veszelyesen
2579 1123 2722 1174 meg-

469 1199 784 1264 betegedett,
843 1199 908 1248 de
946 1195 1175 1264 ‹illapota
1211 1195 1325 1248 mar
1356 1197 1541 1263 javult.
1599 1194 1721 1247 Keri
1766 1194 2117 1261 Kapisztrtint,
2172 1198 2320 1263 hogy
2356 1212 2418 1247 az
2463 1199 2720 1250 uralkodo

421 1333 425 1342 .
470 1286 707 1353 dogvesz
745 1287 894 1339 miatt
919 1302 985 1338 ne
1010 1283 1376 1353 tartozkodjek
1396 1285 1596 1339 tovfibb
1630 1287 1875 1351 ,ielenlegi
1899 1285 2257 1337 tartozkodasi
2285 1277 2491 1352 helyem
2528 1287 2719 1339 hanem
2776 1311 2781 1322 ·

470 1464 972 1542 szegeditpolgiuok
1009 1465 1066 1518 6t
1102 1465 1461 1532 Temesvz'zrig,
1499 1465 1708 1517 Pechan
1749 1465 1941 1517 Laszlo
1979 1464 2299 1532 temetvenyi
2333 1464 2539 1532 ispdnja
2562 1469 2724 1533 pedig

1130 1553 1288 1622 egesz
1328 1553 1739 1621 Hunyadvarfiig
1777 1553 2067 1619 elkiserjek.

683 1700 952 1764 Wadding
988 1699 1097 1751 xn.
1137 1699 1258 1751 259.

1471 2014 1717 2078 CCLX.

1161 2208 1359 2273 1455.
1392 2210 1557 2273 aaz.
1610 2207 2017 2290 (13—16.?)

463 2399 507 2448 A
545 2394 856 2462 kereszteny
892 2396 1155 2447 hatalmak
1193 2394 1485 2461 felajanlott
1523 2394 1736 2462 segelye
1773 2395 1854 2447 111.
1879 2395 2051 2448 Calixt
2076 2395 2321 2462 papdnak
2346 2413 2378 2448 a
2401 2398 2554 2449 torol<
2580 2398 2713 2448 ellen

1015 2489 1272 2538 tervezett
1309 2490 1610 2551 egyetemes
1646 2486 1773 2537 hadi
1809 2484 2174 2537 vallalatahoz.

676 2650 1061 2714 Infrascritte
1127 2668 1295 2715 sono
1349 2652 1408 2713 16
1452 2651 1903 2732 preparatione
1952 2651 2032 2714 de
2077 2653 2139 2715 16
2184 2653 2377 2731 quale
2422 2653 2486 2714 in
2536 2662 2712 2717 corte

462 2759 546 2822 de
610 2758 819 2822 Roma
884 2775 956 2821 se
1021 2760 1200 2839 patla
1263 2765 1327 2821 et
1392 2775 1466 2820 se
1530 2759 1673 2822 dice
1739 2758 1817 2819 fir
1877 2758 2048 2820 facte
2094 2766 2159 2820 et
2203 2767 2543 2839 preparate
2598 2779 2713 2840 per

460 2865 890 2929 l’insrascritte
966 2867 1248 2946 signorie
1320 2872 1384 2929 et
1447 2866 1732 2946 potentie
1806 2866 1888 2927 de
1966 2865 2310 2928 Christiani
2383 2875 2609 2931 contra
2671 2869 2712 2930 li

457 2972 715 3036 Turchi.

671 3080 768 3144 Lo
828 3081 1242 3144 sanctissimo
1289 3080 1511 3160 signor
1567 3086 1793 3142 nostro
1839 3096 2012 3160 papa
2059 3081 2143 3142 ha
2192 3081 2255 3142 in
2304 3098 2482 3142 mare
2527 3083 2711 3162 galee

458 3187 629 3267 XVI,
661 3191 895 3251 alcune
936 3190 1092 3251 altre
1140 3189 1220 3251 de
1269 3205 1445 3250 novo
1477 3205 1559 3250 ne
1589 3187 1657 3250 sa
1704 3188 1842 3249 fare
1874 3188 2064 3266 quale
2104 3189 2168 3250 in
2217 3196 2448 3267 questa
2478 3191 2709 3269 prima-

457 3314 615 3359 vera
671 3314 745 3360 se
793 3296 1067 3377 dispone
1124 3296 1366 3358 havere
1430 3302 1678 3357 armate
1725 3302 1792 3357 et
1854 3297 2192 3375 impuncto
2238 3314 2352 3377 per
2396 3297 2709 3359 mandare

455 3411 683 3467 eontra
716 3406 774 3466 el
798 3403 1086 3467 TurehO.
1128 3403 1213 3466 Et
1252 3404 1317 3466 in
1350 3407 1585 3481 questo
1623 3402 1662 3464 li
1691 3401 2212 3465 reverendissimi
2244 3404 2482 3482 signori
2504 3404 2705 3465 cardi-

455 3513 581 3573 nali
614 3513 698 3592 gli
744 3513 918 3574 dano
950 3512 1130 3574 aiuto
1177 3517 1242 3573 et
1286 3509 1372 3590 gli
1410 3517 1718 3590 prestano
1748 3510 1806 3570 el
1848 3510 2047 3572 brazo
2089 3517 2151 3571 et
2191 3510 2504 3590 suffragio
2550 3512 2706 3574 loro.

452 3618 646 3682 Siche
695 3619 760 3681 in
808 3636 1071 3682 summa
1118 3636 1191 3681 se
1240 3618 1429 3681 crede
1463 3617 1585 3679 che
1634 3616 1715 3679 de
1765 3624 1997 3696 questa
2036 3617 2217 3679 sedia
2243 3617 2601 3697 apostoliea
2633 3635 2706 3680 se

451 3726 641 3788 debia
686 3744 937 3789 armare
989 3726 1074 3788 da
1118 3725 1302 3789 XXV
1333 3725 1424 3787 fin
1471 3726 1536 3787 in
1584 3724 1771 3786 XXX
1805 3723 2028 3803 Galee,
2079 3742 2189 3786 ma
2236 3742 2439 3787 senza
2468 3726 2706 3788 alcuno

447 3833 602 3896 fallo
650 3835 954 3897 almanco
1000 3851 1241 3896 sarano
1287 3832 1452 3895 XVI.

663 3941 759 4006 Lo
790 3940 1233 4005 sacratissimo
1268 3940 1654 4020 imperatore
1687 3941 1777 4002 ha
1804 3939 2155 4002 deliberato
2187 3939 2249 4000 in
2282 3957 2416 4000 una
2447 3938 2706 4019 publica

452 4051 956 4131 congregatione
1012 4048 1093 4111 de
1141 4048 1289 4111 suoi
1337 4048 1603 4128 principi
1652 4055 1717 4109 et
1762 4046 1989 4110 baroni
2039 4047 2349 4109 mandare
2391 4053 2618 4109 contra
2649 4048 2705 4108 el

443 4156 712 4221 Turcho
758 4148 870 4219 XM
921 4157 1006 4219 da
1052 4157 1304 4219 cavallo
1352 4164 1416 4218 et
1460 4145 1696 4218 XXXM
1739 4154 1897 4216 fanti
1946 4153 2032 4216 da
2078 4154 2243 4235 pede
2290 4155 2375 4215 da
2418 4156 2477 4216 le
2524 4162 2703 4234 parte

448 4265 530 4327 de
567 4267 932 4342 Alamania,
982 4264 1341 4344 computati
1386 4255 1521 4326 VIM
1565 4264 1739 4344 quali
1788 4263 1827 4324 il
1874 4262 2046 4324 duca
2092 4262 2173 4324 de
2221 4261 2573 4342 Brugogna
2617 4263 2703 4342 gli

444 4375 531 4436 ha
576 4391 926 4454 promesso
979 4392 1020 4434 a
1067 4381 1302 4452 questo
1369 4373 1606 4434 effecto
1673 4388 1869 4433 como
1914 4370 2199 4433 vassallo
2263 4370 2367 4432 del
2414 4371 2699 4451 imperio.

441 4482 528 4545 Et
576 4490 811 4562 questo
859 4483 1122 4546 intende
1153 4484 1374 4545 volere
1409 4481 1541 4543 fare
1589 4480 2050 4560 presupposito
2090 4479 2213 4540 che
2244 4496 2359 4558 per
2388 4478 2429 4540 li
2460 4477 2701 4540 Italiani

442 4608 514 4653 se
561 4592 735 4654 facia
797 4607 936 4653 una
1000 4591 1176 4654 bona
1243 4596 1306 4652 et
1371 4589 1535 4651 forte
1596 4595 1847 4650 armata
1895 4594 1957 4650 et
2005 4585 2172 4649 infra
2217 4593 2399 4649 tanto
2446 4603 2580 4649 non
2628 4602 2700 4647 se

545 4726 907 4783 Mamer-azerb
935 4725 1341 4771 &emkouetbsek
1369 4723 1671 4769 okleveltarn.
2416 4706 2484 4758 13
