3475 5200
1331 442 1715 497 ...301-

1370 662 1677 726 CDXVII.

1115 803 1368 887 Prdga,
1416 803 1609 869 1502.
1645 806 1823 888 febr.
1874 807 1936 873 6.

397 944 458 995 11.
498 943 713 996 Ulaszlo
752 942 921 1010 kirfily
959 945 1204 996 Kanizsai
1243 947 1464 1011 Gyorgy
1485 945 1940 1014 nandorfejervari
1976 947 2170 1002 bannal
2199 953 2338 1002 kozli
2366 967 2397 1002 a
2421 955 2646 1005 t6r6k6k

397 1024 561 1095 fijabb
617 1022 1112 1093 hadikesziileteirol
1165 1026 1315 1078 szolo
1372 1023 1575 1080 hireket
1611 1027 1668 1079 es
1706 1031 2024 1096 meghagyja
2061 1032 2196 1095 neki,
2242 1034 2390 1100 hogy
2426 1032 2651 1100 sereget,

395 1107 591 1172 melyet
627 1122 658 1156 a
694 1104 986 1172 torvenyek
1023 1104 1338 1158 ertelmeben
1365 1124 1427 1158 az
1453 1107 1646 1174 orszag
1684 1107 1978 1162 vedelmere
2017 1109 2264 1163 kiallitani
2292 1114 2510 1176 koteleS,
2541 1117 2647 1166 oda

398 1185 458 1238 e‘s
495 1188 669 1238 annal<
723 1185 979 1238 vezerlete
1017 1185 1100 1238 ala
1137 1189 1330 1252 kiildje‚
1369 1205 1400 1239 a
1436 1190 1580 1240 hova
1634 1188 1746 1241 mar
1783 1206 1845 1240 az
1886 1191 2037 1243 01626
2075 1192 2245 1244 evben
2300 1196 2652 1258 rendelt'etett,

687 1288 700 1294 ·
791 1283 824 1318 a
859 1269 954 1318 mit
990 1268 1346 1335 semmikepen
1384 1271 1744 1321 elmulasztani
1783 1286 1851 1321 ne
1888 1271 2246 1340 mereszeljen.

1416 1398 1813 1463 Commissio
1861 1403 2121 1482 propria
2167 1403 2412 1466 domini
2458 1407 2651 1485 regie.

721 1514 1120 1577 Wladislaus
1168 1516 1269 1577 dei
1315 1517 1521 1594 gratia
1566 1533 1678 1578 rex

723 1621 1056 1702 Hungarie
1104 1629 1169 1684 et
1215 1622 1526 1697 Bohemie
1575 1629 1696 1685 etc.

612 1738 961 1818 Magnifice
1010 1739 1216 1800 fidelis
1249 1739 1439 1801 nobis
1472 1740 1719 1802 dilecte.
1771 1741 2071 1803 Assiduis
2110 1751 2174 1803 et
2204 1743 2657 1823 frequentibus

400 1847 656 1909 nunciis
720 1854 782 1909 et
848 1847 1111 1926 quidem
1178 1864 1310 1908 non
1368 1847 1567 1908 modo
1615 1863 1699 1907 ex
1747 1845 2082 1927 Hungaria
2127 1850 2212 1910 ab
2262 1850 2655 1916 officialibus

400 1955 637 2018 nostris
684 1960 748 2016 et
794 1961 1012 2034 partes
1061 1954 1199 2016 illas
1248 1953 1552 2016 finitimas
1619 1955 1989 2017 tenentibus
2034 1973 2262 2019 verum
2328 1965 2401 2019 ut
2458 1961 2649 2040 pluri-

401 2080 584 2124 mum
633 2080 714 2123 ex
761 2062 905 2141 ipsa
951 2061 1237 2123 Thurcia
1274 2061 1703 2123 certificamur
1749 2069 1814 2123 et
1860 2063 1947 2124 ita
1993 2079 2142 2124 esse
2172 2064 2435 2128 minime
2467 2066 2653 2129 dubi-

400 2178 619 2232 tamus
670 2212 1049 2232 ........
1101 2161 1556 2250 [inte]llexisse‚
1607 2169 1876 2248 qualiter
1906 2169 2254 2248 imperator
2283 2170 2654 2236 Turcorum

400 2295 716 2356 magnum
790 2294 1141 2339 numerum
1216 2276 1507 2356 gentium
1587 2283 1723 2338 tam
1798 2293 2033 2338 versus
2093 2275 2154 2339 T
2154 2279 2653 2342 ranssilvaniam

401 2402 599 2463 quam
649 2386 843 2446 etiam
892 2376 1161 2465 p[artes]
1204 2384 1536 2446 inferiores
1567 2383 1694 2445 sub
1727 2384 2058 2445 conductu
2086 2384 2647 2468 Mankochowym

400 2492 590 2568 misit,
639 2510 815 2554 unus
846 2509 1002 2553 vero
1036 2508 1120 2553 ex
1147 2491 1360 2552 bassis
1393 2491 1699 2552 continue
1731 2491 1871 2552 istic
1897 2490 1962 2552 in
1995 2492 2358 2572 propinquo
2396 2510 2646 2555 novum

397 2607 460 2661 et
524 2599 786 2680 quidem
853 2617 1280 2661 numerosum
1345 2599 1697 2660 exercitum
1746 2604 2118 2679 congregat,
2182 2601 2401 2680 plures
2454 2601 2651 2663 etiam

395 2707 558 2770 alios
603 2715 669 2768 et
711 2707 975 2786 quidem
1019 2707 1316 2785 ingentes
1362 2713 1737 2785 apparatus,
1786 2706 2196 2785 potissimum
2252 2715 2477 2770 contra
2523 2726 2654 2771 nos

398 2821 462 2876 et
525 2816 678 2876 illud
741 2830 1015 2892 regnum
1081 2820 1376 2875 nostrum
1406 2837 1409 2841 ’
1443 2813 1754 2892 quottidie
1818 2819 2001 2893 parat
2049 2821 2112 2875 et
2158 2813 2330 2892 facit,
2392 2816 2477 2877 ab
2523 2817 2652 2879 alio

397 2925 596 2984 latere
625 2921 878 2984 Tartari
926 2921 1210 2983 similiter
1272 2920 1552 3001 dupplici
1586 2922 1871 2982 exercitu
1920 2921 2089 2981 circa
2148 2919 2651 2984 Neztheralbam

399 3035 462 3091 et
508 3046 714 3108 penes
761 3029 970 3107 ipsam
1018 3027 1411 3089 Moldaviam
1460 3025 1902 3088 consederunt
1945 3033 2008 3087 et
2056 3030 2427 3106 congregati
2470 3039 2649 3109 sunt,

400 3154 522 3198 nec
586 3136 758 3197 aliud
832 3153 1034 3214 quam
1099 3141 1360 3215 tempus
1425 3140 1868 3213 opportunum
1935 3141 2300 3212 expectant,
2369 3154 2451 3197 ex
2514 3155 2653 3216 quo

398 3249 620 3305 autem
667 3244 794 3304 iarn
842 3249 1138 3322 tempora
1173 3241 1521 3303 mitescunt
1553 3248 1616 3303 et
1647 3258 1762 3302 ver
1800 3242 2247 3320 apropinquat,
2290 3244 2649 3306 verendum

402 3358 522 3429 est,
573 3367 656 3412 ne
702 3349 898 3412 Turci
931 3350 1164 3429 pariter
1192 3355 1254 3410 et
1286 3347 1583 3410 Thartari
1615 3396 1629 3410 .
1668 3397 1681 3409 .
1719 3396 1733 3410 .
1769 3349 2119 3410 occasione
2167 3357 2228 3412 et
2276 3353 2647 3430 opportuni-

399 3465 530 3521 tate
562 3458 702 3519 freti
735 3463 799 3519 et
828 3457 1112 3533 animati,
1160 3474 1243 3518 ex
1272 3473 1405 3535 quo
1444 3455 2007 3535 impresentiarum
2057 3457 2364 3519 absentes
2397 3475 2656 3531 sumuS,

402 3566 580 3645 quod
610 3582 737 3644 que
769 3572 987 3644 partes
1018 3570 1081 3625 et
1114 3564 1382 3625 finitima
1415 3608 1636 3626 .....
1672 3564 1853 3643 regni
1885 3563 2082 3625 nostri
2125 3565 2427 3642 gentibus
2473 3568 2655 3646 peni·

377 3661 508 3735 ''tus
555 3673 734 3734 nuda
797 3680 863 3734 et
915 3688 1128 3733 vacua
1183 3672 1490 3749 existunt,
1556 3689 1708 3733 nam
1776 3679 1985 3750 preter
2040 3677 2297 3733 nostras
2362 3679 2435 3734 ut
2497 3676 2651 3753 scis,

402 3782 572 3842 nulle
619 3780 741 3841 alie
787 3797 906 3860 pro
955 3797 1130 3841 nunc
1177 3780 1260 3842 ibi
1308 3780 1649 3857 habentur,
1718 3778 1868 3839 illud
1928 3776 2097 3839 idern
2151 3795 2424 3859 regnum
2473 3782 2653 3842 inva-

402 3887 559 3949 dant
603 3893 717 3948 aut
765 3886 1259 3966 depopulentur,
1326 3892 1439 3947 aut
1495 3892 1782 3947 castrum
1829 3884 2092 3963 aliquod
2138 3887 2497 3965 obsideant,
2545 3889 2648 3949 vel

402 3993 619 4073 aliqua
682 3993 806 4055 alia
878 3994 1167 4073 dampna
1229 3994 1306 4055 illi
1375 3994 1668 4054 inferant.
1738 3991 2047 4054 Volentes
2113 3994 2301 4072 igitur
2364 4000 2434 4054 ut
2495 3995 2651 4061 huic

401 4101 575 4164 malo
641 4101 705 4162 in
769 4106 1062 4180 tempore
1110 4106 1504 4177 occurratur,
1555 4100 1835 4163 fidelitati
1892 4107 2001 4162 tue
2056 4100 2289 4162 harum
2336 4100 2498 4163 serie
2545 4101 2650 4163 fir-

401 4208 690 4271 missime
738 4208 1201 4271 committimus
1248 4215 1311 4270 et
1357 4208 1772 4284 mandamuS,
1821 4214 2012 4287 prout
2057 4213 2121 4268 et
2167 4206 2305 4269 aliis
2369 4207 2652 4270 dominis

404 4316 790 4379 banderiatis
856 4323 920 4379 et
984 4316 1395 4378 comitatibus
1460 4324 1523 4378 et
1589 4315 1699 4395 qui
1762 4322 1990 4393 gentes
2045 4330 2303 4376 servare
2349 4322 2656 4378 tenentur

402 4424 882 4501 mandavimuS,
932 4424 1238 4504 quatinus
1287 4425 1503 4486 statim
1550 4423 1838 4503 acceptis
1875 4422 2285 4501 presentibus
2319 4425 2444 4485 sub
2476 4441 2655 4503 pena

401 4531 466 4593 in
514 4533 777 4594 decreto
824 4549 1155 4611 expressa,
1202 4539 1435 4612 gentes
1465 4538 1637 4608 tuaS,
1686 4548 1853 4610 quas
1886 4530 2064 4591 iuxta
2098 4529 2371 4593 formam
2412 4531 2648 4593 decreti

401 4657 519 4719 pro
565 4639 944 4702 defensione
991 4640 1157 4702 illius
1205 4640 1382 4719 regni
1431 4640 1630 4703 nostri
1697 4639 1943 4702 ratione
2007 4639 2333 4701 bonorum
2385 4646 2651 4701 tuorum
