3475 5200
1458 311 1848 362 —469—

1516 520 1771 585 ⁸Inclusa

744 638 845 692 Poi
912 638 984 691 ad
1053 644 1260 713 questa
1323 640 1518 692 lettera
1585 639 1830 692 havemo
1896 638 2002 692 che
2060 640 2112 692 el
2157 625 2384 695 Turchn
2456 643 2528 693 lm
2580 639 2632 695 in
2684 643 2772 695 nel

527 745 798 800 Danubio
838 744 1108 798 duicento
1157 746 1314 813 galee
1347 745 1568 814 grandi,
1620 759 1797 798 senza
1826 746 1999 799 multe
2032 747 2169 799 altre
2203 755 2424 800 navette
2468 731 2772 815 piscinule,

527 844 584 907 et
631 854 688 906 in
738 859 884 907 terra
917 851 1348 906 duicentomilia
1379 851 1618 919 homini,
1670 856 1722 905 et
1773 868 1873 920 per
1904 852 2210 921 resistergli
2242 852 2484 907 havemn
2520 855 2770 907 mandati

531 960 690 1014 molti
740 960 913 1029 quali‘
947 974 1095 1013 sono
1144 930 1351 1027 signati
1403 958 1493 1011 del
1542 958 1709 1026 signo
1759 960 1909 1013 della
1956 975 2122 1014 croce
2152 943 2225 1014 'et
2256 963 2388 1028 ogni
2428 959 2476 1015 cli
2516 979 2584 1015 ne
2620 979 2772 1015 fnan-

529 1069 702 1121 damo
751 1056 844 1120 nia
893 1066 923 1120 ὲ
971 1066 1140 1135 quasi
1189 1065 1381 1119 niente
1448 1065 1522 1120 ad
1570 1072 1833 1135 respecto
1882 1067 2031 1120 della
2078 1070 2201 1120 loro
2253 1067 2628 1121 mollitudine,
2692 1067 2772 1119 Lu

527 1173 918 1228 illustrissimo
967 1174 1196 1242 signore
1242 1172 1495 1226 Johanni
1545 1179 1713 1226 conte
1760 1171 2156 1228 Basterciense
2191 1173 2476 1243 capitaulas
2512 1179 2772 1243 generale

527 1282 604 1335 ha
652 1270 821 1352 posto
889 1283 938 1334 el
1006 1295 1213 1350 campo
1265 1295 1373 1334 suo
1422 1280 1536 1333 allo
1585 1280 1853 1350 opposito
1924 1281 2015 1335 del
2072 1279 2320 1347 Turch'o,
2376 1299 2468 1335 ma
2516 1279 2544 1335 ὲ
2596 1283 2772 1335 multu

526 1379 754 1458 dispare
803 1391 873 1444 de
920 1388 1171 1458 potentia
1218 1387 1291 1441 ad
1339 1388 1531 1455 quello
1579 1388 1671 1441 del
1717 1385 1970 1442 Turcho.
2037 1389 2042 1393 ’

582 1486 586 1491 ’
643 1534 647 1538 -
743 1495 824 1550 La
870 1501 1063 1549 vestra
1110 1485 1803 1563 illustri—ssimo‘signoria
1849 1510 1949 1564 per
1998 1496 2214 1549 honore
2263 1481 2332 1547 de
2368 1495 2520 1547 Italia
2560 1511 2620 1547 se
2656 1511 2768 1547 nun

526 1608 756 1671 potesse
805 1595 1090 1679 mandare
1123 1592 1267 1655 tutto
1316 1602 1449 1671 quel
1496 1601 1603 1655 che
1653 1601 1729 1653 ha
1777 1588 2083 1670 promiSSO‚
2136 1603 2440 1655 almanchu
2492 1603 2772 1655 ulands-nc

525 1711 773 1778 qualche
822 1716 978 1778 parte
1026 1709 1304 1763 adcioche
1353 1710 1425 1768 ad
1474 1724 1637 1763 mezo
1686 1710 1778 1763 del
1825 1724 1983 1763 mese
2031 1710 2102 1762 de
2148 1708 2432 1778 Augusto,
2488 1727 2548 1763 ss:
2596 1723 2772 1779 possa

522 1816 644 1871 dire
692 1831 882 1870 essere
932 1818 1004 1871 ad
1050 1816 1088 1870 li
1138 1815 1352 1870 confini
1402 1817 1471 1870 de
1517 1815 1680 1870 Italia
1728 1815 1973 1885 qualche
2021 1816 2304 1870 subsidio.

749 1922 872 1977 Con
918 1939 1066 1993 poco
1121 1922 1276 1978 aiuto
1327 1923 1602 1977 exteriore
1652 1924 1908 1979 secunde
1962 1924 2018 1977 la
2049 1923 2408 1978 multitudine
2456 1927 2624 1991 quale
2684 1923 2772 1975 νἰἰ*

525 2033 581 2083 al
628 2030 927 2097 Danubio,v
973 2030 1067 2084 dio
1117 2046 1188 2084 ne
1236 2025 1375 2085 dara
1420 2029 1676 2084 victoria.
1725 2028 1794 2084 Li
1828 2028 2090 2097 I-lungari
2139 2044 2255 2083 non
2306 2031 2612 2083 creden-ero
2648 2031 2772 2083 chel

522 2110 754 2190 Turcho
802 2136 960 2190 fosse
1008 2133 1131 2191 cosi
1195 2142 1346 2191 tosto
1400 2151 1503 2206 per
1548 2136 1755 2193 venire.
1804 2134 1910 2189 La⁴
1951 2135 2108 2189 fama
2154 2133 2308 2189 serra
2356 2151 2580 2191 mamm-e
2648 2139 2772 2191 chel

529 2243 816 2297 subsidio,

749 2348 948 2420 Quelle
1019 2352 1175 2419 galee
1243 2351 1348 2404 che
1417 2365 1564 2405 sono
1633 2350 1724 2403 nel
1795 2348 2106 2403 Dannubio
2156 2363 2273 2403 non
2340 2367 2488 2403 sunm
2544 2359 2672 2419 apte
2720 2351 2772 2400 nl

526 2471 700 2526 mare,
755 2463 809 2510 et
855 2473 917 2512 se
957 2459 1007 2511 le
1056 2458 1213 2528 galee
1280 2459 1349 2511 de
1398 2463 1597 2512 nostro
1646 2455 1877 2524 signore
1943 2456 2253 2510 intrassero
2301 2459 2392 2511 nel
2444 2455 2768 2520 lamnuffin,

525 2563 625 2620 noi
671 2579 990 2620 armaremo
1022 2566 1073 2619 le
1106 2570 1298 2621 nostre
1333 2565 1543 2619 barche
1576 2566 1792 2635 grande
1826 2572 1879 2620 et
1925 2579 2024 2635 per
2070 2568 2274 2635 questa
2320 2563 2412 2616 *sia
2444 2567 2492 2616 el
2544 2563 2772 2616 Turni-m

526 2672 603 2726 da
648 2688 748 2743 per
794 2675 896 2743 luy
943 2688 1005 2726 se
1052 2673 1426 2743 romperebbe
1473 2672 1684 2742 perche
1735 2673 1983 2726 havemo
2032 2672 2129 2741 qui
2180 2677 2328 2725 certe
2380 2672 2588 2724 barche
2656 2672 2772 2724 lun-

523 2779 636 2848 ghe
682 2794 851 2835 como
899 2781 1079 2848 galee,
1129 2781 1181 2833 le
1230 2779 1384 2849 quali
1433 2795 1495 2834 se
1544 2779 1851 2834 chiamano
1900 2794 2045 2833 nave
2093 2779 2240 2834 delle
2273 2780 2440 2848 quale
2496 2780 2768 2832 ciascuna

523 2886 554 2939 ὲ
604 2901 815 2956 capace
864 2888 933 2941 de
981 2886 1361 2956 cinquecento
1410 2902 1654 2957 persone
1703 2894 1758 2940 et
1803 2885 1922 2956 piu.

740 3021 955 3074 Mildndi
992 3011 1052 3075 Α.
1094 3024 1149 3074 L.
1192 3024 1243 3074 P.
1286 3023 1340 3072 E.

1417 3237 1524 3286 XII.
1567 3236 1889 3300 (Dxxxnl.)

1191 3401 1409 3478 Bada,
1459 3399 1636 3464 1456
1683 3400 1779 3481 (.?)
1816 3399 1947 3483 jal.
1995 3400 2103 3463 26.

525 3539 830 3606 FelJegyzes
871 3557 902 3591 a
941 3541 1214 3592 sebenicci
1271 3543 1483 3606 piispok
1539 3541 1660 3591 altal
1718 3542 1800 3592 111.
1858 3542 2027 3592 Calixt
2082 3540 2324 3606 papahoz
2384 3544 2584 3592 kiildffitt
2624 3544 2772 3592 tbi-iil:

1381 3630 1634 3681 harczteri
1672 3627 1917 3683 hirekr6l.

742 3777 923 3848 Copia
969 3779 1286 3835 novitatum
1336 3779 1642 3834 missarum
1675 3795 1775 3850 per
1824 3779 2159 3850 episcopum
2209 3777 2650 3833 Sebenicensem
2704 3784 2772 3832 ad

525 3885 954 3940 sanctissimum
1005 3887 1301 3942 dominum
1350 3893 1610 3941 nostrum
1643 3902 1851 3957 papam
1880 3885 2166 3941 Calixtum
2213 3885 2324 3952 111„
2360 3904 2428 3940 1:2⁴:
2484 3888 2772 3952 [iungaris

526 3999 834 4062 antequam
882 3994 952 4046 de
999 3993 1234 4048 victoria
1284 3995 1476 4048 habita
1523 4001 1723 4049 contra
1769 3992 2031 4048 Turchos
2078 3993 2294 4062 aliquid
2348 3992 2624 4044 diceretur
2676 4008 2772 4044 seu

525 4098 780 4157 sciretur.

740 4272 979 4347 Scriptis
1036 4278 1149 4332 iam
1199 4285 1252 4331 et
1299 4279 1616 4348 obsignatis
1675 4278 1870 4333 litteris
1919 4279 2324 4346 supersedente
2375 4280 2588 4332 nuncin
2640 4296 2768 4332 ecce

525 4401 596 4439 ex
629 4384 830 4440 castris
871 4386 1155 4440 concitato
1203 4401 1379 4440 cursu
1427 4385 1678 4440 nuncius
1727 4385 1965 4439 veniens
2012 4385 2224 4439 litteras
2272 4386 2468 4440 detulit
2504 4396 2552 4440 et
2588 4387 2772 4436 verbis

526 4492 711 4546 retulit
759 4507 936 4562 seque
983 4492 1080 4546 illa
1123 4493 1339 4548 vidisse
1389 4500 1442 4547 et
1489 4493 1546 4546 in
1594 4493 1738 4563 ipso⁴
1771 4500 1959 4547 castro
2007 4491 2188 4546 fuisse
2235 4494 2488 4552 nunciat,
