3475 5200
1729 378 2120 431 —356—

802 593 1124 674 dieantur,
1158 609 1372 672 neque
1404 597 1492 657 ob
1523 596 1609 671 id,
1656 614 2059 678 quamquam
2105 596 2191 660 ad
2233 612 2352 659 eos
2397 597 2845 663 intromittunt.
2876 597 3050 660 Tbe-

806 701 1168 764 saur-arium
1189 718 1438 766 novum
1459 702 1786 777 habemus
1811 711 1876 777 et
1900 702 2175 776 fecimus
2198 703 2490 766 videlicet
2512 704 2896 784 magistrum
2915 706 3049 767 An-

806 813 1027 873 tii-eam
1047 808 1129 872 de
1149 807 1412 872 Bathor.
1425 808 1625 890 Regia
1645 811 1957 874 maiestas
1977 811 2355 888 infirmatur,
2376 816 2440 904 et
2457 811 2701 874 domini
2733 812 3049 893 aufugere

806 917 1084 998 intelligo
1131 903 1493 995 intendunt.
1541 918 1686 982 Jam
1734 925 1799 983 et
1845 919 2044 981 exteri
2076 918 2300 981 dicunt
2322 918 2808 983 formidandum
2857 919 3051 990 nobis

806 1029 886 1089 de
934 1040 1135 1104 regno
1180 1023 1310 1087 hoc
1356 1040 1534 1101 esse;
1585 1027 1890 1105 quamvis
1927 1032 2151 1090 autem
2196 1025 2554 1089 dicebatur-
2579 1027 2759 1107 quod
2804 1026 3049 1098 Thurci

806 1133 946 1197 The
954 1131 1310 1197 mesienses
1329 1133 1862 1213 partesinfestare
1882 1140 2291 1213 conarentur,
2303 1134 2421 1196 sed
2441 1125 2796 1214 hucusque
2805 1134 3050 1214 integre

798 1245 978 1305 *buna
1016 1239 1475 1302 dominationis
1501 1247 1717 1303 vestre
1754 1241 2000 1320 integra
2018 1220 2518 1321 permanserunt
2543 1247 2607 1303 et
2638 1257 2831 1320 spero
2856 1242 3049 1304 etiam

806 1349 866 1409 in
902 1349 1192 1427 futurum
1224 1347 1717 1426 permanebunt.
1768 1346 2024 1411 Pedites
2070 1354 2292 1410 autem
2323 1346 2784 1421 dominationis
2837 1356 3052 1410 vestre

806 1454 1096 1517 nonnulli
1143 1454 1377 1517 mortui
1425 1460 1599 1531 sunt,
1656 1454 1767 1534 qui
1812 1461 2035 1518 autem
2081 1462 2528 1517 remanserant
2572 1456 2701 1519 vivi
2765 1457 2933 1519 clam
2989 1462 3054 1518 et

806 1565 1068 1641 turpiter
1110 1562 1570 1640 discesserunt,
1619 1579 1835 1641 neque
1866 1563 2070 1625 ullum
2103 1563 2390 1625 invenire
2420 1564 2778 1643 potuimuS,
2824 1546 3051 1643 quam—

806 1673 902 1733 vis
930 1669 1022 1731 eis
1052 1670 1219 1731 ultra
1242 1685 1441 1747 quam
1473 1670 1878 1731 serviverunt
1906 1669 2243 1733 solvimus,
2275 1669 2470 1749 Igitur
2506 1670 3052 1734 dedominatione

806 1785 1022 1841 vestra
1041 1792 1125 1838 ex
1142 1782 1324 1855 parte
1343 1775 1632 1854 peditum
1654 1774 1850 1840 etiam
1884 1775 2124 1838 mentio
2157 1776 2330 1839 facta
2363 1776 2573 1839 suerat
2597 1778 2714 1840 sed
2741 1777 3052 1841 dominus

810 1885 1113 1961 magister
1135 1888 1357 1945 noster
1376 1883 1595 1945 omnia
1620 1882 1684 1945 in
1710 1883 1963 1945 bonurn
1994 1883 2176 1947 fuere
2207 1884 2407 1947 vertit.
2433 1883 2668 1945 Vestra
2698 1883 3054 1948 dominatio

806 1993 994 2069 igitur
1042 1989 1195 2069 quid
1241 1974 1522 2069 agamus
1568 1980 1695 2052 nos
1749 1996 1963 2053 certos
2009 1990 2224 2068 faciat,
2272 2008 2427 2053 nam
2460 1992 2710 2054 nullum
2751 1994 3052 2054 nuntium

806 2101 1149 2176 hahemus,
1194 2113 1409 2176 neque
1440 2097 1703 2177 quidem
1737 2097 2213 2177 expendamuS‚
2263 2099 2456 2162 nobis
2488 2105 2607 2174 est,
2645 2099 2944 2178 cogimur
2990 2100 3052 2161 in

806 2205 982 2269 brevi
1002 2205 1155 2267 hinc
1186 2204 1363 2266 abire
1393 2211 1655 2285 propter
1685 2205 2226 2285 pecuniositatem
2259 2213 2569 2282 nostram.
2606 2205 2826 2286 Quam
2846 2205 3050 2268 domi-

806 2313 1136 2377 nationem
1177 2317 1465 2375 vestram
1511 2310 1779 2375 feliciter
1822 2314 2038 2374 valere
2085 2320 2415 2394 optamuS,
2464 2321 2680 2376 cetera
2724 2312 3053 2375 familiaris

810 2420 1270 2482 dominationis
1306 2400 1542 2496 vestre,
1594 2419 1748 2497 quia
1791 2419 1878 2481 ad
1920 2436 2046 2482 vos
2090 2420 2309 2483 veniet
2333 2419 2545 2482 dicere
2579 2419 2770 2482 latius
2802 2421 3052 2499 poterit.

813 2529 1053 2589 Datum
1102 2525 1696 2608 Quinqueecclesiis
1730 2524 1886 2588 feria
1917 2525 2213 2589 secunda
2240 2526 2539 2608 proxima
2584 2533 2648 2590 et
2676 2527 2742 2589 in
2791 2525 2961 2591 festo
2991 2528 3052 2589 b.

810 2633 1008 2697 Marci
1057 2633 1474 2714 ewangeliste
1495 2630 1518 2668 1
1570 2650 1747 2695 anno
1794 2632 2039 2696 domini
2094 2635 2282 2698 1521.

2091 2759 2428 2824 Johannes
2476 2759 2696 2823 Bebek

1705 2866 2000 2928 eiusdem
2028 2866 2488 2930 dominationis
2517 2877 2732 2930 vestre
2764 2867 3053 2930 servitor.

634 2613 730 2653 1521

602 2685 694 2729 etit.
726 2685 770 2725 Ἦ.

1024 3026 1123 3091 De
1141 3028 1408 3091 castello
1430 3027 1793 3091 Zadarlaka
1811 3030 2032 3092 omnia
2050 3029 2216 3091 bene
2241 3030 2478 3109 valent,
2501 3030 2783 3092 triticum
2807 3037 2873 3092 et
2896 3031 3057 3092 alias

810 3138 1031 3218 fruges
1079 3136 1145 3199 in
1173 3135 1406 3199 foveas
1433 3134 1659 3198 fodere
1688 3135 1832 3212 feci,
1864 3136 1929 3197 in
1960 3137 2088 3198 hac
2116 3136 2444 3199 vindemia
2478 3144 2702 3201 autem
2725 3154 2861 3200 non
2909 3139 3057 3218 plus

810 3262 1011 3326 quam
1034 3245 1168 3307 duo
1198 3259 1365 3306 vasa
1398 3243 1529 3305 vini
1568 3242 2029 3306 dominationis
2054 3250 2271 3306 vestre
2307 3251 2646 3308 venerunt.
2685 3241 3058 3307 Dominatio

810 3364 1027 3414 vestra
1040 3350 1295 3427 scribat,
1307 3349 1461 3430 quid
1478 3366 1630 3412 cum
1645 3348 1892 3411 eisdem
1912 3367 2212 3428 agamus,
2225 3349 2352 3413 hoc
2369 3351 2451 3438 de
2466 3351 2730 3431 negotio
2749 3351 3056 3413 hesterno

810 3462 914 3522 die
938 3462 1136 3522 homo
1156 3463 1372 3521 certus
1395 3456 1587 3519 nobis
1610 3457 1735 3520 hec
1758 3456 1932 3518 dixit.
1947 3456 2316 3520 Dominatio
2339 3466 2557 3520 vestra
2580 3457 2770 3538 igitur
2789 3457 3059 3521 tentinet

814 3570 966 3646 quid
1012 3565 1094 3628 sit
1138 3564 1491 3644 agendumj
1539 3564 1853 3643 quoniam
1908 3564 2157 3644 pedites
2205 3565 2664 3628 discesserunt.
2712 3563 3057 3629 'Dominus

810 3682 1031 3738 nutem
1087 3671 1394 3751 magister
1457 3670 1632 3734 curie
1685 3670 1866 3750 regni
1927 3672 2191 3735 locutus
2236 3679 2336 3735 est
2378 3672 2662 3736 dominis
2727 3672 3054 3751 omnibus,

814 3782 986 3862 quod
1019 3779 1268 3860 pedites
1299 3777 1611 3841 abiissent
1640 3779 1757 3839 sed
1791 3780 2039 3841 nullum
2072 3778 2431 3859 periculum
2454 3780 2790 3843 imminere
2833 3781 3055 3858 sensit,

812 3903 1025 3966 neque
1053 3885 1390 3951 subiunxit
1419 3902 1545 3948 nos
1574 3903 1726 3948 cum
1759 3888 1944 3967 equis
1973 3886 2176 3949 XXV.
2208 3887 2313 3949 hic
2336 3904 2504 3951 esse.
2529 3886 2805 3950 Fuimus
2835 3896 3056 3952 autem

810 3998 894 4058 ab
918 4010 999 4058 en.
1026 4001 1319 4074 tempore
1351 3993 1659 4071 continui,
1684 3993 1805 4056 sed
1837 3994 1967 4056 iam
1993 3994 2345 4073 nescimuS‚
2379 3993 2534 4074 qui'd
2566 4012 2804 4059 sumus
2836 3997 3054 4071 acturi,

810 4102 1143 4186 presertim
1192 4117 1345 4162 cum
1392 4098 1750 4163 dominatio
1795 4107 2013 4163 vestra
2054 4101 2244 4163 tarda
2288 4108 2389 4165 est
2434 4101 2499 4164 in
2549 4109 2881 4167 conventu
2910 4120 3051 4165 su0.

1022 4241 1273 4308 Kiviil:
1338 4243 1688 4324 Magniflco
1759 4243 2025 4307 domino
2083 4244 2349 4339 domino
2414 4243 2766 4308 Francisco
2813 4245 3052 4324 ,Doczy

810 4351 1069 4414 officiali
1115 4351 1198 4415 de
1246 4349 1448 4413 Owar
1493 4358 1639 4429 etc„
1688 4349 1957 4414 domino
2003 4353 2495 4432 gratiosissima

1023 4491 1244 4580 Eredeti,
1282 4493 1449 4557 papir,
1490 4489 1720 4543 zarlatan
1747 4489 2039 4557 pecseteles
2077 4495 2394 4558 nyomaival.
2417 4493 2488 4545 M.
2513 4493 2576 4545 O.
2601 4494 2661 4546 D.
2685 4494 2740 4545 L.
2764 4494 2955 4546 23587.
2976 4507 3048 4543 sz.

1030 4576 1049 4609 ¹
1089 4582 1200 4644 Igy,
1240 4579 1457 4647 nyilvan
1480 4582 1716 4632 ‘tolihiba
1753 4582 1914 4632 Marci
1953 4598 2089 4648 pape
2126 4583 2339 4648 helyett.
