3475 5200
1382 377 1463 408 -·.
1528 349 1630 402 185
1704 375 1775 387 -—

1365 621 1370 624 Δ
1411 675 1746 739 CCXLIX.

1162 900 1465 984 Ragusa,
1512 897 1709 962 1454.
1763 914 1918 982 aug.
1962 897 2027 964 8.

458 1089 505 1140 Α
525 1088 737 1154 ragusai
773 1086 960 1139 tanacs
997 1083 1193 1138 ertesiti
1230 1086 1526 1137 Franeesco
1546 1086 1760 1138 Foscari
1799 1087 2065 1139 velenczei
2095 1088 2270 1152 doget,
2306 1089 2454 1154 hogy
2491 1102 2523 1137 a
2558 1088 2699 1137 tiirti-

453 1180 560 1230 kiik
589 1175 828 1228 Szetbizit
862 1174 1250 1243 megtamadtitk
1297 1173 1355 1228 es
1394 1192 1426 1226 a
1464 1176 1618 1227 Duna
1654 1174 1713 1227 es
1752 1192 1784 1226 a
1821 1174 1993 1228 Sziiva
2028 1178 2171 1228 kozti
2206 1177 2446 1228 teriiletet
2481 1176 2702 1242 teljesen

455 1263 866 1334 elpusztitottak.
904 1268 950 1316 A
987 1267 1139 1316 szerb
1179 1266 1438 1330 deszpota
1461 1264 1637 1318 el6liik
1662 1263 1982 1332 csalnidjlwal
2005 1267 2188 1331 egyiitt
2220 1264 2705 1332 Magyarorszagba

1438 1356 1719 1407 menekiilt.

669 1528 1096 1594 Serenissime
1140 1529 1442 1611 princeps
1490 1536 1554 1593 et
1600 1530 2137 1593 excellentissime
2181 1529 2445 1593 domine
2495 1531 2702 1593 hono-

454 1638 838 1701 randissime
883 1645 1036 1720 post
1080 1638 1392 1702 humilem
1439 1637 2096 1702 recomendationem.
2132 1635 2308 1700 Licet
2349 1638 2703 1702 multorum

455 1747 660 1808 relatu
707 1763 784 1808 ac
831 1746 1052 1807 litteris
1098 1745 1243 1825 ipsa
1287 1762 1550 1825 quoque
1585 1744 1764 1807 sama
1809 1752 2059 1808 certum
2096 1745 2180 1809 sit
2220 1744 2704 1808 serenissimam

453 1853 967 1916 dominationem
1014 1858 1299 1915 vestram
1344 1852 1426 1915 de
1472 1852 1575 1914 his
1613 1870 1743 1932 que
1791 1854 2039 1933 passim
2104 1853 2347 1931 ubique
2390 1859 2705 1933 geruntur

453 1959 520 2022 in
553 1960 692 2023 dies
726 1960 1063 2023 certiorem
1098 1958 1295 2036 reddi,
1328 1960 1415 2023 ad
1447 1977 1572 2023 nos
1604 1967 1823 2022 tamen
1854 1961 2122 2023 attinere
2151 1961 2433 2023 arbitrati
2466 1978 2702 2023 sumus

451 2074 526 2129 ut
591 2067 800 2130 eidem
866 2068 1287 2131 dominationi
1341 2074 1556 2131 vestre
1623 2086 1752 2148 que
1819 2069 1900 2131 de
1966 2068 2178 2148 impiis
2246 2069 2590 2132 conatibus
2639 2075 2703 2130 et

452 2175 911 2256 progressibus
952 2175 1530 2257 perfidissimorum
1563 2175 1971 2239 Teucrorum
2020 2176 2105 2238 ad
2152 2193 2278 2239 nos
2325 2184 2500 2238 certa
2544 2175 2701 2239 affe·

450 2289 682 2345 runtur
725 2284 944 2346 litteris
991 2283 1228 2346 nostris
1275 2283 1812 2364 significaremus.
1869 2282 2095 2364 Nuper
2139 2284 2329 2364 igitur
2350 2299 2355 2308 ·
2374 2290 2437 2346 et
2483 2284 2703 2346 litteris

451 2396 890 2453 mercatorum
946 2398 1319 2453 nostrorum
1384 2390 1491 2470 qui
1539 2391 1602 2452 in
1651 2391 1945 2471 partibus
2001 2391 2120 2454 illis
2165 2391 2579 2484 negotiantur
2622 2409 2703 2453 ac

448 2498 652 2562 etiam
699 2500 908 2562 relatu
962 2500 1316 2563 multorum
1363 2516 1446 2561 ex
1493 2499 1648 2579 ipsis
1714 2498 1954 2563 nostris
2008 2499 2542 2576 merchatoribu3‚
2592 2499 2702 2578 qui

447 2608 698 2670 nullam
737 2607 865 2669 nisi
912 2607 977 2669 in
1024 2609 1182 2688 fuga
1229 2608 1509 2669 salutem
1558 2615 1921 2688 sperantes,
1979 2625 2052 2669 se
2098 2608 2163 2670 in
2209 2607 2483 2688 patriam
2529 2624 2702 2669 rece-

446 2720 704 2795 perunt,
739 2715 1075 2778 certissimi
1105 2715 1328 2778 redditi
1362 2733 1596 2777 sumus
1628 2733 1944 2795 magnum
1966 2714 2300 2778 Teucrum
2330 2734 2482 2778 cum
2516 2715 2703 2777 innu-

447 2822 738 2886 merabili
770 2822 1054 2885 exercitu
1102 2823 1484 2885 territorium
1539 2822 1781 2886 domini
1824 2824 2079 2917 despoti
2124 2824 2352 2887 Rassie
2392 2824 2705 2887 hostiliter

446 2930 772 2993 invasisse
796 2937 1131 3009 totamque
1154 2931 1542 3011 provintiam
1585 2931 1781 3009 illam,
1824 2949 1951 3010 que
1996 2938 2097 2994 est
2126 2932 2290 2994 inter
2326 2931 2704 2993 Danubium

446 3047 516 3099 et
581 3034 828 3099 Savam
893 3039 1061 3118 igne,
1139 3038 1358 3119 preda,
1435 3038 1596 3101 cede
1661 3039 2007 3102 inmaniter
2076 3037 2540 3118 crudeliterque
2595 3039 2703 3101 de-

448 3150 803 3223 vastasset,
827 3152 1010 3208 tanta
1029 3145 1206 3208 rabie
1229 3152 1543 3225 tantoque
1574 3147 1840 3227 impetu,
1870 3154 1943 3209 ut
1976 3146 2127 3209 nihil
2162 3147 2282 3209 nisi
2313 3147 2702 3226 sanguinem

444 3251 873 3314 christianum
921 3253 1094 3315 sitire
1141 3254 1452 3332 videatur,
1521 3270 1755 3316 omnes
1803 3256 2158 3333 mascuIOS,
2218 3254 2327 3333 qui
2373 3261 2703 3332 quartum·

444 3359 781 3423 decimum
828 3377 1078 3422 annum
1112 3361 1458 3440 excedunt,
1508 3368 1580 3423 ut
1609 3362 1878 3440 vulgare
1911 3362 2152 3424 dictum
2190 3379 2547 3441 sequamur
2591 3358 2704 3441 pe'r

447 3467 634 3529 filum
682 3467 860 3530 ensis
907 3466 1056 3530 duci
1102 3468 1299 3531 iubet.
1348 3468 1653 3531 Feminas
1691 3486 1849 3532 vero
1897 3475 1961 3531 et
2007 3469 2317 3549 reliquam
2350 3486 2703 3549 puerorum

444 3574 708 3655 plebem
775 3575 838 3637 in
905 3576 1343 3655 captivitatem
1409 3577 1620 3655 trahit,
1667 3578 1848 3640 varia
1901 3585 1966 3640 et
2019 3579 2225 3639 multa
2289 3576 2702 3657 belligerandi

443 3691 511 3745 et
558 3682 646 3744 ad
695 3683 1139 3763 expugnanda
1192 3684 1337 3747 loca
1402 3684 1465 3745 in
1531 3686 1760 3748 castris
1823 3686 2253 3748 instrumenta
2317 3690 2701 3765 comportat.

443 3789 956 3853 Comunicatum
1005 3797 1069 3853 et
1115 3807 1432 3870 equorum
1483 3791 1723 3871 pabula
1770 3809 1852 3854 ex
1909 3792 2355 3855 remotissimis
2417 3792 2705 3871 partibus

441 3915 529 3960 ne
577 3896 738 3977 quid
783 3898 1092 3961 exercitui
1140 3898 1304 3961 desit
1349 3900 1535 3979 sequi
1569 3900 1766 3978 iubet,
1813 3906 1888 3963 ut
1917 3900 2212 3963 videatur
2249 3917 2383 3963 non
2414 3900 2500 3962 ad
2548 3900 2703 3961 sub-

439 4003 757 4085 igendum
791 4006 1175 4070 territorium
1204 4007 1455 4088 despoti
1489 4007 1606 4072 sed
1631 4008 1714 4069 ad
1749 4008 2205 4071 debellandum
2240 4015 2450 4071 totum
2474 4007 2701 4070 orbem

441 4110 788 4193 proficisci.
855 4112 1096 4175 Dictus¹
1147 4131 1306 4178 vero
1372 4115 1679 4178 dominus
1756 4115 2073 4195 despotus
2135 4122 2353 4178 tantos
2418 4116 2701 4195 impetus

441 4220 814 4284 substinere
877 4219 1201 4299 diffidenS,
1268 4223 1487 4285 relicto
1536 4222 1895 4286 Sinedreno
1960 4240 2088 4302 que
2150 4230 2251 4285 est
2314 4223 2510 4286 sedes
2555 4240 2699 4301 sua,

442 4344 600 4389 cum
649 4333 787 4389 tota
832 4326 1072 4390 familia
1120 4330 1428 4392 exteritus
1474 4331 1538 4392 in
1589 4330 1947 4409 Ungariam
1996 4330 2099 4392 die
2130 4330 2336 4393 XXVI
2370 4331 2514 4393 Julii
2554 4348 2699 4410 pro·

439 4435 623 4496 xime
670 4434 966 4513 preteriti,
1034 4434 1565 4500 festinantissime
1632 4438 1940 4517 confugit.
2007 4437 2148 4501 Hec
2212 4447 2367 4501 sunt
2425 4456 2552 4517 que
2614 4437 2700 4500 ad

439 4541 903 4621 progressibus
950 4543 1155 4623 ipsius
1199 4543 1434 4629 Teucri
1484 4545 1545 4606 in
1594 4545 2067 4633 presentiarum
2123 4553 2298 4609 certa
2353 4546 2697 4623 habemuS,

2781 4297 2883 4338 μω

2728 4369 2817 4425 jm.
2847 4370 2916 4413 26.
