3475 5200
64 0 92 8 ··
123 0 218 14 Ἴ---ιι
237 0 376 12 =—-·-*-
407 0 423 1 ἶ

187 19 196 28 ιι

1400 362 1789 415 —331—

473 582 869 663 pertinentiis
915 580 1087 644 Brod
1145 581 1513 643 secundum
1576 580 2098 644 informationem
2146 584 2389 646 domini
2436 587 2721 664 palatini.

473 690 652 769 quod
697 690 751 752 si
800 706 1072 752 necesse
1121 689 1256 765 erit,
1305 689 1388 750 ibi
1435 705 1560 751 nos
1605 689 1934 751 invenient
1977 697 2191 751 vestre
2222 692 2721 771 magnificentie.

474 797 643 859 Nam
691 815 815 860 nos
874 814 1161 858 unacum
1219 796 1449 857 vestris
1513 796 2012 875 magnificentiis
2077 798 2162 858 ad
2227 800 2488 862 servitia
2552 805 2725 881 regie

477 904 829 968 maiestatis
898 922 975 965 ac
1045 902 1243 966 huius
1312 904 1489 983 regni
1559 905 1763 984 parati
1830 922 2084 981 sumuS,
2166 914 2228 968 et
2303 925 2725 988 quocumque:

478 1011 909 1075 intimaverint
939 1018 1151 1073 vestre
1189 1010 1687 1089 magnificentie,
1738 1011 1843 1073 illo
1890 1014 2137 1075 moveri
2183 1016 2417 1092 promti
2465 1033 2719 1078 sumus.

476 1121 766 1183 Tantum
811 1136 937 1181 nos
983 1125 1250 1181 teneant
1293 1126 1510 1180 vestre
1559 1119 2036 1197 magnificentie
2085 1138 2236 1182 cum
2275 1128 2492 1184 vestra
2521 1122 2717 1185 fama.

478 1228 559 1291 Et
641 1229 802 1290 dum
883 1243 1157 1288 neeesse
1240 1225 1375 1301 erit,
1455 1225 1557 1287 die
1635 1232 1964 1305 noctuque
2038 1225 2493 1290 festinabimus
2570 1246 2725 1309 erga

480 1343 729 1399 vestras
806 1333 1342 1412 magnificentias,
1411 1339 1483 1394 ut
1550 1332 1813 1395 insimul
1875 1333 1958 1395 de
2033 1336 2297 1414 negotio
2367 1337 2725 1398 commisso

480 1443 813 1525 providere
878 1441 1253 1522 poterimus.
1320 1440 1460 1503 Nos
1525 1457 1658 1503 non
1724 1442 1966 1503 erimus
2032 1441 2210 1521 pigri,
2279 1442 2401 1505 nisi
2465 1451 2538 1505 ut
2603 1461 2729 1505 nos

481 1558 740 1614 servent
803 1559 1017 1612 vestre
1082 1548 1580 1628 magnificentie,
1628 1555 1701 1610 ut
1749 1548 2032 1611 diximus
2088 1567 2239 1611 cum
2307 1550 2500 1613 fama.
2569 1550 2725 1613 Item

481 1660 674 1721 etiam
743 1658 798 1720 si
866 1656 1122 1719 videtur
1191 1657 1418 1718 vestris
1487 1655 2007 1735 magnificentiiS,
2079 1673 2162 1719 ne
2238 1665 2389 1719 ante
2465 1664 2729 1738 tempus

480 1784 688 1829 vanas
735 1781 1063 1845 expensas
1110 1763 1498 1839 faceremu5‚
1547 1762 1703 1841 quia
1749 1764 1943 1826 etiam
2000 1764 2094 1826 sic
2140 1782 2224 1826 ex
2264 1764 2733 1827 commissione

481 1872 724 1938 domini
788 1872 1049 1952 palatini
1115 1870 1489 1948 habuimuS,
1555 1872 1733 1951 quod
1800 1870 1855 1934 si
1921 1889 2194 1935 necesse
2250 1889 2549 1952 pronunc
2595 1889 2725 1933 non

482 1982 617 2058 erit,
665 1990 738 2042 ut
781 1987 916 2042 tam
962 1986 1226 2058 repente
1273 1995 1538 2040 movere
1586 1977 1992 2041 deberemus,
2024 1979 2110 2042 Et
2140 1979 2194 2042 si
2226 1980 2442 2059 aliqua
2474 1976 2729 2041 sinistra

482 2089 658 2150 fama
703 2104 837 2149 non
882 2086 1076 2164 viget,
1125 2086 1374 2148 bonum
1425 2092 1621 2162 esset,
1670 2094 1743 2147 ut
1789 2095 2016 2165 posset
2064 2095 2283 2148 vestra
2331 2086 2535 2148 motio
2586 2104 2729 2167 pro-

485 2200 749 2276 longare
782 2194 866 2255 ad
886 2193 1129 2255 festum
1160 2193 1365 2255 sancti
1399 2191 1657 2271 Georgii
1690 2193 1984 2272 martiris,
2016 2211 2223 2273 quum
2255 2194 2440 2272 equis
2486 2193 2729 2255 victum
2753 2209 2853 2261 apr.
2881 2209 2949 2253 εκ,

485 2305 661 2366 nullo
726 2302 925 2364 modo
988 2300 1275 2362 invenire
1338 2306 1619 2380 possunt
1666 2300 1729 2362 in
1778 2300 1902 2377 via,
1969 2301 2123 2380 quia
2187 2301 2381 2364 etiam
2444 2300 2532 2363 ad
2577 2300 2729 2361 illud

483 2421 746 2492 tempus
810 2406 1104 2488 gramina
1167 2407 1348 2469 nasci
1396 2415 1460 2469 et
1506 2407 1650 2470 oriri
1716 2407 1977 2484 debent,
2025 2414 2090 2470 et
2134 2408 2230 2471 sic
2277 2408 2461 2488 equis
2524 2408 2733 2470 levius

487 2525 661 2582 esset
724 2514 1029 2578 victualia
1092 2514 1395 2577 invenire.
1444 2515 1699 2578 Tamen
1759 2514 1951 2577 istam
1998 2516 2386 2578 sententiam
2432 2515 2518 2578 ad
2566 2516 2733 2578 dele-

487 2624 889 2689 berationem
952 2630 1316 2686 vestrarum
1380 2622 2010 2702 magnificentiarum
2075 2625 2403 2704 ponimu5‚
2470 2641 2594 2688 nos
2665 2634 2733 2686 ut

486 2733 793 2811 diximus,
858 2732 1018 2812 pigri
1083 2748 1218 2793 non
1291 2730 1553 2793 erimus,
1640 2730 1724 2793 Et
1793 2748 2127 2811 rogamus,
2203 2739 2276 2794 ut
2341 2732 2737 2811 quantocius

486 2841 620 2905 fieri
686 2840 939 2921 poterit,
1015 2855 1140 2901 nos
1213 2837 1518 2900 certiores
1605 2838 1874 2900 reddent
1941 2846 2156 2901 vestre
2234 2839 2733 2919 magnificentie,

486 2966 655 3028 quas
701 2947 786 3009 ad
832 2963 957 3008 sua
1002 2961 1259 3025 semper
1303 2951 1462 3006 vota
1506 2944 1953 3024 quantoptime
2001 2947 2216 3007 valere
2264 2945 2733 3010 desideramus..

487 3055 592 3118 Ex
639 3060 856 3116 castro
900 3059 1125 3115 nostro
1173 3052 1445 3131 Kelpen,
1493 3051 1650 3113 feria
1696 3052 1922 3130 quinta
1969 3051 2133 3115 infra
2178 3059 2482 3115 octavam
2527 3070 2733 3115 resur·
2817 3122 2921 3166 fflffl

489 3161 790 3224 rectionis
837 3159 1103 3236 domini,
1149 3176 1327 3221 anno
1374 3158 1669 3220 eiusdem
1726 3157 1914 3221 1509.
2769 3182 2969 3246 ᾗῇ,-

2092 3248 2432 3310 Johannes
2463 3247 2737 3330 Beryzlt]

2252 3356 2590 3434 despotus.

706 3517 773 3581 Si
800 3536 959 3580 vero
992 3517 1470 3580 dominationes
1519 3524 1731 3579 vestre
1779 3516 1977 3579 ambo
2011 3534 2144 3579 non
2178 3519 2412 3581 essetis
2440 3535 2741 3599 pronunc

492 3627 790 3702 invicem,
839 3632 1099 3706 propter
1142 3625 1233 3688 rei
1280 3623 1674 3686 celeritatem
1721 3622 1918 3685 faciat
1965 3624 2157 3687 nobis
2194 3627 2355 3688 alter
2385 3644 2467 3689 ex
2504 3626 2741 3690 vestris

496 3732 989 3813 magnificentiis
1035 3732 1430 3809 relationem,
1479 3738 1543 3792 et
1589 3748 1672 3792 ne
1701 3731 2036 3794 retardetis
2083 3749 2208 3795 nos
2248 3751 2401 3796 cum
2434 3733 2741 3796 relatione

495 3858 692 3922 super
718 3841 846 3902 hoc
871 3840 1154 3919 negotio,
1188 3840 1339 3918 quia
1370 3856 1494 3901 nos
1527 3838 1797 3917 scimuS,
1833 3844 1906 3900 ut
1936 3822 2219 3919 possunt
2250 3846 2462 3902 vestre
2496 3844 2741 3919 magni-

496 3948 751 4011 ficentie
783 3947 1203 4028 precogitare,
1237 3953 1308 4009 ut
1339 3964 1494 4008 cum
1524 3945 1654 4008 hoc
1696 3945 1960 4026 negotio
2006 3963 2140 4008 non
2187 3954 2290 4009 est
2334 3947 2741 4010 tardandum.

710 4103 961 4169 Kivill:
1007 4106 1374 4188 Magnificis
1439 4106 1722 4169 dominis
1771 4106 2054 4186 Georgio
2113 4107 2195 4170 de
2264 4106 2537 4188 Kanysa
2597 4126 2745 4170 nec:-

497 4233 642 4279 non·
686 4214 970 4278 Johanni
1035 4213 1297 4295 Hampo
1363 4213 1445 4277 de
1493 4213 1988 4296 Chakthornya,
2065 4232 2417 4296 regnorum
2485 4214 2745 4278 Croatie

496 4322 814 4386 Dalmatie
862 4327 926 4385 et
972 4319 1317 4385 Sclavonie
1375 4327 1496 4383 ete.
1548 4322 1737 4384 banis
1802 4322 2086 4384 dominis
2135 4330 2198 4383 et
2261 4321 2487 4384 amicis
2553 4324 2749 4386 nobis

497 4430 918 4492 honorandis,

712 4570 937 4631 Exedeti,
964 4572 1131 4634 papir,
1159 4568 1388 4620 zirlatan
1416 4566 1597 4633 pecse't
1626 4568 1994 4621 torede'keivel.
2034 4570 2104 4620 Μ.
2146 4568 2208 4618 Ο.
2251 4569 2312 4621 D.
2353 4569 2410 4620 L.
2452 4570 2644 4620 25509.
2669 4586 2746 4622 zzz.
