3475 5200
1360 353 1739 416 „373-

640 569 846 638 Kivill
861 591 886 634 .·
927 572 1364 640 Prudentibus
1410 579 1473 635 et
1521 572 1870 653 sagacibus
1917 571 2070 634 viris
2110 571 2309 642 iudici,
2349 578 2413 633 et
2447 572 2670 635 iuratis

423 679 680 743 civibus
756 680 1030 744 civitatis
1096 679 1519 756 Posoniensis
1595 686 1910 759 tanquam
1944 705 1957 726 ·
1988 678 2213 744 amicis
2286 679 2476 743 nobis
2542 679 2669 743 sin·
2769 671 2774 682 '

421 805 571 850 cere
617 788 837 867 gratis.

643 927 865 990 Etedeti,
903 929 1069 993 papir,
1127 925 1358 978 zai-latim
1394 924 1576 992 pecse't
1601 924 1977 979 -toredekeivek
2017 926 2265 992 Pozsony
2305 925 2476 977 viu-osi
2514 925 2670 977 level-

425 1015 525 1080 ffir,
564 1017 667 1068 lad.
706 1018 812 1078 37.,
850 1018 1017 1068 secfio
1056 1017 1104 1068 2.
1143 1016 1219 1068 No
1259 1016 1389 1069 240.

1312 1287 1420 1351 1v.
1468 1280 1772 1369 (van.)

914 1480 1603 1573 dednymonostora‚
1651 1480 1849 1546 1451.
1887 1479 2042 1565 jan.
2088 1479 2199 1547 27.

426 1648 674 1713 Hunyadi
711 1648 875 1701 Janos
914 1648 1239 1717 kormanyzd
1293 1652 1497 1716 tudatja
1534 1651 1785 1718 Pozsouy
1831 1649 2126 1713 vax-oswal,
2183 1652 2329 1717 hogy
2367 1667 2398 1701 a
2434 1649 2674 1704 Nandor·

426 1736 786 1803 fejervaraban
822 1736 981 1790 id626
1021 1738 1426 1806 orsziagnagyok
1466 1741 1621 1791 kiizte
1656 1738 1715 1791 es
1740 1741 2066 1791 Brankovics
2105 1739 2324 1806 Gyiirgy
2360 1739 2480 1791 racz
2519 1742 2669 1792 desz-

425 1831 557 1892 pota
592 1829 776 1879 ktszott
801 1826 938 1880 beke
976 1845 1119 1895 vagy
1154 1828 1396 1895 legalabb
1433 1830 1696 1895 bizonyos
1753 1832 1892 1895 ideig
1928 1829 2065 1882 tarto
2105 1828 2517 1895 fegyversziinet
2553 1828 2676 1882 lete-

425 1913 624 1968 sitesen
641 1915 978 1971 saradoznak.
1020 1902 1064 1970 ὁ
1087 1934 1242 1985 maga
1269 1936 1301 1970 a
1320 1916 1452 1970 beke
1479 1935 1619 1985 vagy
1637 1920 2050 1985 fegyversziinet
2073 1918 2377 1985 megkotese
2416 1918 2674 1986 czdljibol

428 2003 646 2059 Becsere
682 2008 778 2073 sog
813 2010 1005 2072 menni,
1041 2010 1256 2062 honnan
1291 2010 1442 2061 rbvid
1480 2010 1584 2060 idei
1626 2007 1969 2061 tartozkodris
1997 2006 2123 2059 utari
2165 2025 2229 2060 az
2281 2009 2474 2075 otszag
2497 2008 2674 2062 dszaki

425 2094 662 2148 reszeibe
699 2095 879 2149 tex-end
918 2099 1110 2164 vissza,
1167 2099 1357 2150 azokat
1403 2114 1468 2150 az
1517 2098 1753 2164 ellenseg
1788 2098 2078 2151 timadasai
2117 2099 2251 2151 elien
2287 2097 2671 2164 megvedendo.

645 2279 1003 2343 Prudentes
1049 2286 1113 2343 et
1158 2280 1606 2361 circumspecti
1670 2281 1783 2344 viri
1847 2288 2183 2362 tamquam
2248 2282 2437 2345 amici
2486 2281 2675 2345 nobis

427 2386 815 2450 honorandi.
848 2387 958 2449 Illa
988 2406 1114 2468 que
1144 2389 1336 2452 nobis
1362 2388 1597 2451 vestris
1643 2388 1707 2451 in
1755 2389 1948 2452 literis
1994 2389 2478 2465 intimaveratiS,
2522 2405 2676 2451 con-

432 2494 764 2558 tinentiam
812 2496 1167 2558 earundem
1215 2514 1376 2559 sane
1423 2497 1876 2560 intelleximus.
1945 2494 2178 2560 Sciatis
2225 2502 2467 2574 tamen,
2516 2513 2675 2575 quo·

430 2604 632 2665 modo
680 2604 832 2666 certi
880 2604 1142 2680 domini,
1191 2605 1413 2683 prelati
1461 2610 1526 2667 et
1572 2606 1855 2667 barones
1900 2622 2019 2685 pro
2059 2603 2444 2685 peragendis
2490 2603 2678 2666 factis

429 2717 497 2771 et
542 2710 818 2790 negotiis
862 2710 1025 2773 inter
1070 2728 1193 2773 nos
1243 2718 1306 2774 et
1353 2711 1661 2774 illustrem
1709 2712 2063 2793 principem
2105 2713 2444 2776 dominum
2476 2710 2671 2774 Geor⁴

394 2816 612 2904 ‚glum
659 2818 838 2898 regni
886 2817 1115 2881 Rascie
1181 2820 1531 2899 despotum
1597 2820 1854 2897 habitis,
1921 2819 1988 2883 in
2053 2818 2474 2882 Nandoralba
2521 2828 2676 2881 sunt

429 2925 781 3001 constituti,
833 2926 942 3004 qui
990 2942 1222 3005 pacem
1268 2933 1649 3006 perpetuam
1697 2926 1780 2988 de
1823 2926 2199 2988 huiusmodi
2231 2925 2494 3006 negotio
2527 2942 2674 2987 eve-

432 3032 587 3109 nire,
654 3050 1000 3113 procurare
1065 3050 1199 3095 non
1271 3040 1554 3111 cessant,
1621 3034 1823 3096 modo
1886 3050 2171 3112 namque
2233 3039 2296 3094 et
2364 3050 2487 3095 nos
2554 3032 2672 3111 ipsi

428 3139 674 3202 domini
719 3140 940 3220 prelati
989 3146 1052 3203 et
1114 3141 1395 3203 barones
1460 3141 1602 3202 illac
1646 3139 1945 3221 proprius
2000 3138 2313 3207 accedere
2360 3156 2674 3220 provoca-

429 3254 682 3310 verunt.
742 3246 882 3311 Nos
929 3248 1148 3328 itaque
1217 3246 1302 3310 ad
1369 3246 1740 3310 habendam
1807 3247 2017 3328 ipsam
2094 3264 2325 3328 pacem
2402 3263 2675 3327 gressus

432 3361 698 3418 nostros
742 3355 977 3417 abinde
1034 3370 1246 3434 usque
1292 3356 1376 3417 ad
1424 3354 1708 3417 Bechew
1755 3353 2130 3434 dirigemus.
2197 3353 2308 3416 ubi
2355 3360 2429 3415 ut
2475 3353 2672 3415 credi·

427 3479 583 3525 mus
629 3480 762 3525 non
810 3479 925 3544 per
971 3463 1213 3526 multos
1261 3463 1378 3526 sed
1424 3463 1509 3524 ad
1557 3463 1918 3525 maximum
1967 3479 2082 3543 per
2111 3461 2398 3541 quinque
2446 3468 2511 3523 et
2556 3476 2675 3523 sex

424 3569 569 3634 dies
634 3569 777 3649 ipsa
839 3570 1099 3650 negotia
1145 3571 1287 3651 ipsa
1346 3588 1471 3633 nos
1527 3570 2146 3645 determinaliuntur,
2194 3568 2488 3631 videlicet
2559 3574 2674 3629 aut

429 3683 743 3757 perpetua
808 3695 939 3758 pax
1005 3684 1118 3740 aut
1181 3687 1409 3758 treuga
1481 3694 1694 3758 usque
1760 3676 1845 3740 ad
1911 3683 2159 3740 certum
2230 3682 2494 3756 tempus
2562 3691 2676 3755 per

427 3784 717 3847 medium
781 3784 1195 3848 iamfatorum
1274 3786 1689 3849 dominorum
1764 3785 2157 3865 prelatorum
2224 3789 2289 3845 et
2349 3783 2673 3845 baronum

427 3891 563 3953 fieri
611 3899 1010 3972 procuratur.
1061 3893 1419 3972 Postquam
1463 3910 1619 3955 vero
1669 3893 1882 3973 ipsam
1930 3909 2163 3972 pacem
2218 3897 2334 3953 aut
2378 3896 2671 3967 treugam

427 3999 668 4061 habere
718 3999 1071 4079 poterimus
1119 4016 1252 4062 non
1300 4000 1482 4077 aliaS,
1531 3998 1652 4062 nisi
1685 4006 1864 4063 recto
1898 3998 2119 4060 itinere
2148 4014 2439 4063 unacum
2471 3996 2674 4076 genti-

426 4107 555 4170 bus
601 4107 839 4170 nostris
881 4124 1116 4169 versus
1147 4117 1365 4187 partes
1398 4107 1769 4187 superiores
1816 4106 1993 4185 regni
2041 4105 2158 4168 iter
2188 4110 2484 4166 nostrum
2518 4119 2670 4165 con-

425 4214 802 4291 tinabimus,
851 4213 1119 4276 easdem
1167 4222 1383 4294 partes
1429 4214 1513 4275 ab
1563 4213 1902 4276 invasione
1969 4211 2373 4274 inimicorum
2418 4209 2673 4272 viriliter

423 4321 823 4384 intendendo
870 4322 1334 4401 precustodire.
1384 4320 1579 4400 Igitur
1625 4327 1880 4383 vestras
1912 4319 2227 4382 amicitias
2261 4318 2673 4399 presentibus

425 4429 809 4508 requirimus
857 4430 1136 4491 multum
1183 4428 1534 4509 diligenter,
1584 4435 1913 4506 quatenus
1954 4426 2230 4507 receptis
2262 4425 2673 4506 presentibus

425 4536 675 4599 interim
724 4555 875 4598 cum
922 4537 1169 4598 salibus
1217 4536 1454 4598 nostris
1500 4543 1748 4615 quanto
1816 4534 2047 4597 melius
2112 4533 2325 4596 facere
2388 4536 2673 4614 poteritis
