3475 5200
175 0 297 12 νυν-ι’-

1360 390 1750 444 -303-

426 625 698 680 taneatu
765 615 893 677 sub
958 632 1091 693 quo
1139 630 1291 674 cum
1350 612 1538 673 certis
1585 612 1723 673 aliis
1790 609 2203 686 comitatibus
2269 617 2332 672 et
2380 611 2676 674 fidelibus

431 725 669 789 nostris
734 740 850 803 per
902 738 1028 784 nos
1075 720 1381 799 deputate
1446 719 1751 795 existunt,
1819 736 2020 799 quam
2086 716 2366 795 primum
2432 719 2676 781 mittere

431 832 726 895 deberes
774 828 972 892 Nunc
1036 844 1192 890 vero
1250 844 1513 888 summa
1578 844 1730 888 cum
1781 825 2179 905 displicentia
2227 825 2676 903 intelleximuS,

432 940 704 1019 qualiter
761 946 835 1000 tu
889 942 1120 1017 gentes
1177 908 1326 997 tuas
1393 933 1690 996 nondum
1756 933 2101 1009 movisseS,
2173 950 2294 995 nec
2364 931 2676 1010 misisses,

428 1053 692 1128 propter
738 1045 916 1124 quod
974 1044 1039 1106 in
1087 1048 1336 1123 quanto
1383 1041 1670 1121 periculo
1736 1040 1890 1102 illud
1947 1057 2220 1119 regnum
2269 1046 2569 1103 nostrum
2617 1049 2676 1103 et

431 1154 846 1233 potissimum
894 1156 1111 1231 partes
1159 1149 1426 1211 finitime
1474 1148 1682 1227 posite
1731 1155 1905 1224 sunt,
1961 1154 2032 1209 tu
2081 1146 2220 1227 ipse
2268 1147 2676 1210 considerare

430 1268 643 1341 potes,
693 1259 871 1339 quod
928 1259 982 1320 si
1037 1264 1268 1337 gentes
1317 1256 1496 1337 ipsas
1549 1262 1620 1317 tu
1667 1262 1730 1317 et
1778 1256 1880 1317 alii
1927 1255 2152 1317 fideles
2218 1255 2439 1333 nostri,
2487 1262 2676 1335 prout

429 1368 977 1430 commiseramus
1034 1373 1097 1428 et
1152 1370 1347 1445 prout
1392 1363 1585 1426 etiam
1653 1349 1861 1424 fidelis
1926 1369 2150 1424 noster
2202 1362 2569 1442 spectabilis
2617 1372 2676 1426 et

433 1475 823 1554 magnificus
835 1472 1142 1536 dominus
1153 1472 1383 1536 Petrus
1395 1471 1607 1534 Gereb
1628 1471 1922 1534 eiusdem
1944 1471 2121 1551 regni
2143 1471 2342 1533 nostri
2354 1472 2676 1551 palatinus

429 1590 496 1645 et
542 1584 920 1662 vicegerens
969 1588 1209 1659 noster,
1259 1579 1366 1641 tibi
1397 1579 1459 1640 in
1493 1595 1778 1657 persona
1816 1585 2038 1640 nostra
2084 1579 2426 1656 commisit,
2475 1579 2676 1640 misis-

432 1707 544 1753 ses
591 1697 656 1751 et
701 1696 930 1769 gentes
977 1689 1040 1750 in
1088 1686 1380 1767 partibus
1444 1685 1729 1747 finitimis
1777 1685 2073 1761 fuissent,
2142 1691 2323 1747 tanta
2387 1687 2676 1765 profecto

429 1798 673 1874 cladeS,
721 1813 849 1875 que
879 1812 1057 1857 nunc
1084 1795 1147 1857 in
1181 1793 1664 1874 expugnatione
1706 1793 1949 1854 castelli
1981 1800 2044 1854 et
2077 1793 2350 1855 civitatis
2396 1794 2676 1856 Lewach

434 1913 498 1968 et
544 1911 868 1967 certorum
918 1903 1190 1965 aliorum
1245 1899 1691 1962 fortalitiorum
1740 1906 1802 1961 et
1848 1900 2285 1963 munitionum
2334 1901 2504 1963 sacta
2558 1910 2676 1977 est,

429 2019 664 2076 secuta
709 2027 844 2072 non
870 2009 1123 2085 fuisset,
1158 2014 1221 2070 et
1250 2014 1504 2070 tantum
1536 2006 1897 2086 dampnum
1930 2005 2175 2069 Thurci
2220 2008 2402 2070 terris
2440 2011 2676 2073 nostris

433 2120 667 2183 inferre
732 2134 865 2178 non
931 2116 1317 2197 potuissent.
1386 2114 1855 2177 Commisimus
1924 2114 2113 2193 igitur
2177 2133 2402 2178 rursus
2468 2117 2675 2180 eidem

431 2227 703 2289 domino
750 2224 1053 2305 palatinO,
1102 2229 1174 2284 ut
1222 2240 1335 2284 eas
1369 2222 1548 2301 ipsas
1579 2228 1811 2300 gentes
1856 2228 2007 2284 tuas
2054 2229 2118 2284 et
2163 2222 2435 2286 aliorum
2483 2224 2675 2286 etiam

432 2334 724 2397 fidelium
771 2338 1165 2405 nostrorum,
1214 2330 1453 2409 quibus
1500 2328 1785 2391 similiter
1839 2330 2239 2410 scripsimus,
2289 2331 2676 2394 festinantis-

431 2442 600 2504 sime
660 2442 878 2502 levare
926 2445 990 2499 et
1034 2438 1120 2499 ad
1168 2455 1323 2499 eum
1377 2437 1618 2513 locum,
1668 2454 1801 2515 quo
1868 2435 2173 2516 deputate
2230 2444 2386 2499 sunt
2431 2438 2676 2502 mittere

431 2549 688 2612 debeat.
745 2547 966 2628 Quare
1024 2543 1310 2608 fidelitati
1370 2550 1480 2607 tue
1528 2544 1762 2607 harum
1818 2544 1981 2608 serie
2031 2544 2396 2609 firmissime
2444 2551 2509 2610 et
2555 2549 2676 2610 sub

440 2664 599 2719 nota
644 2661 953 2735 perpetue
1001 2652 1389 2714 infidelitatis
1435 2651 1908 2714 committimus
1973 2660 2032 2715 et
2082 2653 2498 2733 mandamus,
2548 2675 2676 2736 qua

432 2764 635 2840 tinus,
702 2761 919 2823 statim
983 2760 1140 2822 visis
1197 2758 1608 2838 presentibus
1656 2764 1723 2820 et
1769 2760 2251 2839 quamprimum
2304 2779 2419 2840 per
2465 2763 2676 2842 ipsum

434 2870 776 2933 dominum
805 2868 1183 2946 palatinum,
1214 2873 1325 2928 aut
1367 2867 1582 2929 literas
1625 2883 1785 2928 suas
1815 2868 2165 2945 requisitus
2202 2868 2420 2944 fueriS,
2453 2877 2681 2950 gentes

435 2984 587 3039 tuas
610 2978 862 3056 absque
893 2975 1069 3037 omni
1100 2991 1290 3036 mora
1322 2981 1385 3035 et
1416 2974 1766 3035 renitentia
1787 2974 1872 3035 ad
1899 2992 2049 3036 eum
2080 2975 2322 3051 locum,
2349 2994 2482 3054 quo
2509 2978 2676 3057 depu

432 3090 568 3147 tate
595 3089 751 3146 sunt
769 3083 1016 3144 mittere
1050 3088 1112 3143 et
1151 3098 1231 3142 ea
1269 3079 1482 3142 facere
1513 3079 1760 3142 debeas
1792 3087 1855 3141 et
1887 3081 2183 3157 tenearis,
2211 3083 2505 3162 dieteque
2529 3102 2681 3162 gen-

433 3197 537 3255 tes
568 3191 851 3252 debeant
869 3193 934 3251 et
961 3195 1322 3264 teneantur,
1342 3205 1470 3266 que
1498 3187 1791 3268 prefatus
1818 3187 2125 3252 dominus
2152 3191 2494 3269 palatinus,
2534 3209 2681 3254 con-

433 3303 914 3378 sequenterque
938 3296 1149 3358 dictus
1168 3296 1568 3375 capitaneus,
1590 3297 1716 3358 sub
1738 3314 1872 3375 quo
1892 3297 2198 3376 deputate
2231 3304 2405 3374 sunt,
2440 3299 2685 3377 dixerit,

435 3422 699 3485 queque
729 3421 847 3485 pro
867 3403 1248 3466 defensione
1272 3403 1534 3482 predicti
1569 3405 1746 3483 regni
1778 3412 1840 3465 et
1871 3405 2149 3483 partium
2175 3423 2443 3468 suarum
2464 3423 2685 3469 neces-

439 3512 612 3575 saria
651 3511 904 3588 suerint,
945 3527 1027 3572 ne
1060 3528 1334 3589 regnum
1377 3512 1592 3589 ipsum
1641 3517 1704 3572 et
1752 3519 1967 3590 partes
2015 3529 2134 3574 sue
2183 3513 2444 3591 aliquod
2477 3514 2689 3578 maius

435 3619 797 3700 periculum
830 3625 892 3679 et
924 3617 1286 3697 dampnum
1325 3619 1667 3698 patiantur.
1704 3617 1888 3680 Scias
1917 3626 2158 3696 autem,
2195 3620 2372 3699 quod
2404 3621 2532 3683 iam
2567 3639 2689 3684 nos

436 3744 706 3806 quoque
730 3726 881 3787 hinc
904 3726 1244 3788 movimus
1257 3729 1323 3787 et
1351 3732 1525 3787 recta
1555 3726 1641 3786 ad
1677 3726 1832 3787 illud
1863 3743 2137 3806 regnum
2163 3736 2459 3790 nostrum
2485 3745 2689 3789 rever-

439 3839 673 3910 temur,
700 3834 873 3896 aliud
898 3834 1088 3912 igitur
1107 3850 1278 3913 pena
1298 3833 1424 3894 sub
1449 3833 1786 3912 premissa,
1815 3851 2014 3913 quam
2040 3834 2346 3896 omnibus
2367 3835 2491 3896 hec
2510 3853 2689 3895 man·

439 3942 597 4004 data
629 3948 850 4005 nostra
873 3948 936 4003 et
952 3940 1433 4020 requisitionem
1459 3940 1663 4019 ipsius
1683 3941 1925 4002 domini
1950 3942 2210 4022 palatini
2231 3942 2465 4020 exequi
2493 3941 2689 4020 negli-

436 4049 745 4128 gentibus
795 4048 1219 4128 proculdubio
1277 4047 1503 4110 acriter
1549 4049 1915 4128 infligemus
1964 4049 2136 4110 nulla
2185 4049 2430 4110 ratione
2477 4048 2689 4110 facere

441 4156 853 4235 presumatis,
882 4156 1123 4217 Datum
1155 4155 1358 4234 Prage
1382 4155 1535 4217 feria
1557 4156 1782 4234 quinta
1804 4156 2098 4234 proxima
2125 4163 2273 4217 ante
2299 4155 2687 4218 dominicam

441 4263 833 4340 Palmamm‚
892 4277 1068 4325 anno
1130 4262 1375 4324 domini
1423 4263 1762 4325 millesimo
1810 4263 2325 4341 quingentesimo
2374 4264 2689 4327 secundo.

658 4386 897 4451 Kivic‘l:
942 4388 1294 4468 Magnifico
1329 4388 1610 4468 Georgio
1641 4388 1723 4450 de
1759 4389 2030 4469 Kanysa
2062 4388 2238 4451 bano
2271 4391 2460 4453 castri
2490 4394 2693 4453 nostri

439 4493 1000 4558 Nandoralbensis
1050 4495 1222 4558 fideli
1273 4497 1461 4558 nobis
1509 4496 1760 4559 dilecto,

660 4619 883 4683 Eredeti,
921 4619 1088 4683 papir,
1126 4616 1355 4668 zerlatan
1396 4616 1575 4684 pecset
1613 4620 1930 4685 nyomaival.
1971 4621 2040 4671 M.
2081 4620 2142 4672 N.
2184 4621 2253 4670 M.
2302 4622 2355 4672 lt.

2797 4230 2901 4274 15OE

2729 4306 2897 4346 marez-
2913 4302 2977 4346 w.
