3475 5200
1387 366 1776 419 ——169--

461 593 678 656 citiam
725 609 877 654 cum
926 591 1192 651 honore.
1242 587 1488 650 Dicitur
1514 587 1706 650 nobis
1739 581 1803 648 iri
1836 601 2121 667 persona
2151 588 2385 668 egregii
2421 587 2708 654 Silvestri

461 702 543 763 de
590 699 863 762 Thorna
908 693 1086 777 quod
1132 695 1475 758 Ladislaus
1532 695 1614 756 de
1670 692 1940 757 Sarkws
1996 702 2062 757 et
2107 693 2496 760 Valentinus
2540 698 2711 760 vice·

463 807 793 871 castellani
867 804 1106 885 egregii
1184 797 1486 866 Sandrini
1558 803 1639 864 de
1710 801 2033 864 Halemba
2115 804 2448 866 castellani
2518 805 2711 868 castri

463 916 802 990 Boldokw,
822 927 1082 976 necnon
1112 910 1503 973 Valentinus
1524 917 1589 972 et
1611 909 1943 973 Dionisius
1962 911 2044 973 de
2078 910 2400 990 Barakon,
2435 910 2711 993 Stepha-
2816 987 2821 996 ‚

462 1040 590 1087 nus
653 1023 736 1085 de
802 1022 1001 1101 Alpar
1064 1026 1130 1082 et
1161 1035 1164 1038 ’
1195 1018 1494 1081 Thomas
1558 1018 1641 1080 de
1705 1016 1953 1080 Salank
2020 1018 2369 1081 familiares
2413 1020 2714 1084 eiusdem

463 1131 697 1211 egregii
726 1128 1028 1193 Sandrini
1060 1128 1141 1190 de
1175 1126 1515 1204 Helemba,
1550 1121 1820 1188 armatis
1850 1127 2159 1189 manibus
2204 1133 2269 1188 et
2314 1128 2716 1207 potentiariis

461 1239 546 1300 de
610 1236 1061 1318 permissione,
1128 1235 1465 1296 voluntate
1521 1225 1603 1295 'et
1666 1249 2003 1297 consensu
2072 1234 2333 1298 illustris
2386 1225 2715 1316 'principis
2812 1279 2817 1288 ·

463 1346 707 1408 domini
754 1343 1013 1424 Georgii
1068 1341 1246 1421 regni
1303 1340 1534 1403 Rascie
1586 1336 1863 1420 despoti,
1913 1358 2172 1404 necnon
2219 1342 2367 1404 dicti
2414 1340 2717 1406 Sandrini

463 1455 544 1516 de
592 1452 912 1514 Helemba
934 1457 999 1514 et
1021 1448 1300 1512 Ladislai
1332 1448 1439 1510 filii
1465 1447 1745 1510 iamdicti
1771 1445 2071 1510 Sandrini
2101 1449 2189 1512 ad
2220 1437 2713 1528 possessionem

464 1562 611 1623 dicti
679 1558 967 1622 Silvestri
1032 1556 1224 1620 Ench
1280 1562 1585 1619 vocatam
1647 1556 1709 1616 in
1779 1555 2092 1617 comitatu
2149 1557 2713 1637 Abawywariensi

464 1667 762 1730 existenti
783 1666 1100 1727 irruentes
1123 1665 1339 1744 ibique
1358 1663 1691 1726 Thomam
1711 1662 1984 1727 Mochar
2001 1664 2268 1742 dictum,
2300 1665 2716 1744 iobagionem

468 1775 764 1837 eiusdem
813 1772 1047 1852 egregii
1095 1770 1384 1835 Silvestri
1431 1771 1859 1851 captivanteS,
1895 1778 2291 1851 captumque
2337 1779 2401 1834 et
2444 1773 2719 1852 ligatum

465 1882 551 1945 ad
582 1887 868 1944 castrum
903 1879 1223 1942 Boldokw
1241 1885 1692 1958 asportassent
1723 1885 1788 1940 et
1819 1878 1884 1939 in
1916 1895 2243 1941 carcerem
2273 1881 2716 1960 reclusissent,

469 1990 927 2068 reclusumque
1004 1995 1140 2049 tam
1210 1985 1319 2048 diu
1364 2002 1538 2065 .quo
1607 1986 1899 2065 ipsorum
1980 1986 2331 2066 placuisset
2393 1988 2715 2050 voluntati

467 2101 970 2159 conservassent
1048 2101 1642 2172 conservatumque
1710 2091 1796 2154 ad
1864 2099 2139 2155 mortem
2212 2093 2574 2157 iudicantes
2651 2102 2719 2158 et

468 2201 1031 2283 condempnantes
1085 2201 1376 2282 potentia
1432 2201 1722 2280 ipsorum
1788 2199 2115 2262 mediante
2170 2200 2233 2261 in
2291 2201 2716 2281 preiudicium
2783 2198 2786 2202 ’

468 2312 674 2392 ipsius
737 2309 971 2390 egregii
1029 2307 1314 2372 Silvestri
1367 2307 1898 2388 valdemagnum.
1955 2307 2115 2369 Item
2163 2326 2361 2389 super
2404 2309 2533 2371 hoc
2578 2326 2713 2372 non

471 2418 756 2481 contenti
821 2417 947 2479 hiis
1011 2411 1388 2478 novissimis
1453 2414 1685 2477 diebus
1753 2411 2046 2495 proxime
2111 2416 2371 2494 elapsiS,
2428 2417 2716 2496 quinque

463 2525 847 2605 iobagiones
916 2523 1210 2585 eiusdem
1259 2522 1565 2601 silvestri,
1629 2529 1864 2604 utputa
1929 2522 2284 2604 Georgium
2351 2522 2716 2605 ThapastO,

463 2633 725 2695 Petrum
745 2631 997 2711 Enczy,
1018 2630 1335 2693 Mathiam
1346 2630 1619 2709 Molnar,
1641 2630 1915 2693 Paulum
1938 2636 2002 2692 et
2019 2630 2371 2694 Martinum
2392 2631 2718 2711 Pereczey

463 2741 529 2803 in
579 2740 866 2821 predicta
912 2739 1335 2819 possessione
1391 2736 1575 2801 Encz
1623 2744 2107 2801 commorantes
2166 2740 2230 2801 in
2291 2741 2716 2820 possessione

466 2847 730 2928 predicti
777 2845 1024 2910 domini
1072 2846 1325 2927 despoti
1390 2844 1572 2908 Raad
1617 2853 1857 2909 vocata
1922 2845 1985 2907 in
2052 2846 2364 2909 comitatu
2426 2846 2717 2927 predicto

465 2954 1030 3035 Abawywariensi
1095 2953 1393 3016 existenti
1459 2953 1875 3033 reperienteS,
1933 2954 2320 3033 vinctosque
2384 2954 2566 3034 ipsos
2630 2953 2718 3015 ad

467 3068 755 3125 castrum
789 3061 1110 3124 Boldokw
1134 3068 1586 3141 asportassent
1615 3068 1680 3122 et
1711 3077 1889 3122 nunc
1922 3060 2003 3122 de
2034 3062 2317 3153 presenti
2349 3068 2719 3141 carceratos

463 3177 765 3232 tenentur
833 3175 896 3231 et
970 3175 1433 3231 conservarent
1505 3167 1794 3248 potentia
1845 3167 2153 3248 -ipsorum
2227 3169 2577 3247 mediante,
2649 3168 2715 3230 in

465 3276 890 3357 preiudicium
956 3284 1023 3338 et
1086 3276 1447 3357 dampnum
1496 3276 1702 3355 ipsius
1753 3275 2142 3356 exponentis
2186 3276 2715 3355 valdemagnum.

469 3384 662 3464 Igitur
705 3391 994 3446 vestram
1041 3383 1323 3463 petimus
1369 3383 1717 3446 amicitiam
1767 3392 2094 3462 quatenus
2122 3392 2413 3446 vestrum
2453 3384 2719 3446 mittatis

469 3484 803 3554 hominem
850 3508 969 3571 pro
1015 3491 1391 3553 testimonio
1438 3490 1840 3569 fidedignum
1895 3506 2029 3570 quo
2086 3498 2385 3572 presente
2440 3490 2719 3552 Michael

475 3601 555 3662 de
588 3597 1006 3677 Chekehaza,
1052 3597 1297 3660 Paulus
1334 3597 1416 3660 de
1445 3597 1632 3677 Keer,
1663 3597 1907 3661 Paulus
1956 3598 2038 3661 de
2092 3598 2327 3677 Keecz‚
2377 3598 2722 3661 Ladislaus

474 3705 651 3769 Erne
698 3707 781 3769 de
829 3703 990 3769 Siud
1039 3703 1237 3785 (vagy
1285 3703 1456 3769 Srud
1478 3698 1529 3788 ?)
1576 3705 1914 3768 Johannes
1946 3713 2009 3768 et
2040 3705 2268 3768 Petrus
2315 3706 2398 3768 de
2444 3705 2720 3783 Baktha,

472 3814 815 3876 Johannes
881 3814 964 3876 de
1032 3813 1262 3891 Bered,
1318 3813 1655 3876 Johannes
1712 3812 2214 3876 Bartholomeus
2279 3813 2360 3875 de
2424 3812 2720 3892 Pamlyn,

474 3920 830 3984 Oswaldus
876 3922 943 3983 in
990 3916 1260 3983 Thorna
1306 3926 1814 3998 commoranteS,
1865 3921 2210 3983 Ladislaus
2256 3927 2320 3983 et
2363 3920 2594 3983 Petrus
2639 3919 2723 3982 de

471 4026 725 4105 Mehez,
780 4028 1119 4091 Johannes
1187 4028 1268 4091 de
1333 4027 1546 4109 Borsy
1601 4034 1666 4090 et
1727 4026 2042 4090 Nicolaus
2107 4028 2189 4090 de
2254 4026 2519 4106 Ezdege
2583 4027 2725 4089 aliis

468 4133 855 4197 absentibus
923 4135 1125 4197 homo
1190 4136 1429 4214 regius,
1509 4136 1673 4198 scita
1753 4136 1932 4216 prius
2000 4136 2466 4216 premissorum
2544 4151 2724 4196 mera

468 4242 739 4304 veritate
787 4242 1238 4305 omnimodam
1285 4250 1518 4305 evocet
1564 4248 1919 4305 annotatos
1978 4242 2319 4304 dominum
2367 4239 2723 4321 Georgium

470 4344 822 4428 despoturn
868 4365 948 4410 ac
996 4347 1395 4412 Sandrinum
1452 4350 1535 4411 de
1592 4348 1913 4411 Helemba
1968 4349 2393 4411 castellanum
2451 4349 2532 4411 de
2578 4334 2724 4411 Bol-

472 4455 692 4533 dokw‚
751 4439 1010 4518 necnon
1073 4454 1450 4518 Ladislaum
1514 4456 1598 4518 de
1663 4454 1918 4518 Sarkuz
1981 4463 2045 4518 et
2089 4455 2508 4518 Valentinum
2554 4456 2724 4518 vice·

476 4563 890 4640 camenarum,
938 4580 1199 4625 necnon
1246 4562 1663 4625 Valentinum
1721 4571 1786 4625 et
1831 4562 2221 4642 Dyonisium
2270 4564 2351 4626 de
2398 4562 2722 4640 Barakon,
