3475 5200
1382 367 1771 421 —327—

455 588 1010 652 Nandoralbensis
1043 588 1199 666 ipsis
1246 586 1499 666 aliquas
1530 588 2012 667 possessiones,
2061 587 2127 649 in
2159 586 2398 666 quibus
2429 586 2697 647 dffieen·

454 698 606 760 dere
671 703 961 777 possent,
1036 695 1190 758 dare
1256 702 1319 757 et
1385 694 1722 773 assignare
1787 695 2221 775 dignaremur.
2290 692 2434 755 Nos
2482 693 2697 769 itaque

455 803 1037 884 supplicationibus
1102 803 1391 882 ipsorum
1457 801 1760 880 inclinati,
1835 804 2165 878 volumuS,
2216 807 2288 863 ut
2333 801 2697 863 secundum

452 911 860 974 conditiones
925 910 1239 990 ipsorum,
1306 909 1576 987 eisdem,
1642 917 1839 989 prout
1903 910 2134 972 melius
2183 908 2383 983 scitis,
2448 908 2697 985 aliquas

453 1019 932 1099 possessioneS,
966 1018 1075 1080 ubi
1132 1035 1206 1080 se
1262 1018 1581 1080 collocare
1630 1023 1693 1078 et
1728 1017 2125 1079 descensum
2164 1015 2377 1077 facere
2422 1017 2697 1093 possint,

452 1126 606 1187 dare
652 1132 717 1188 et
761 1126 1096 1205 assignare
1155 1125 1467 1188 debeatis.
1517 1124 1915 1187 Provideatis
1959 1132 2180 1186 tamen
2225 1123 2577 1202 diligenter,
2629 1129 2697 1181 ut

453 1231 609 1312 ipsis
674 1231 1072 1295 eiuscemodi
1148 1231 1472 1310 deputetis
1548 1231 1826 1307 servitia,
1905 1249 1988 1293 ne
2051 1230 2337 1309 aliquam
2402 1227 2697 1289 fraudem

452 1339 706 1419 possint
753 1339 1176 1416 committere,
1235 1346 1298 1401 et
1345 1338 1400 1400 si
1448 1339 1881 1418 cognoveritis
1946 1339 2128 1418 ipsos
2175 1337 2367 1399 nobis
2416 1336 2581 1397 bene
2633 1349 2693 1397 et

455 1446 722 1508 fideliter
779 1447 1037 1524 servire,
1104 1446 1386 1508 reddatis
1452 1463 1575 1509 nos
1622 1463 1737 1526 per
1784 1446 2024 1507 litteras
2071 1451 2325 1507 vestras
2372 1442 2693 1513 certiores,

452 1560 518 1614 et
574 1570 701 1616 nos
764 1554 922 1632 ipsis
993 1555 1324 1617 meliorem
1389 1553 1706 1615 faciemus
1773 1553 2231 1633 provisionem,
2300 1567 2497 1613 secus
2565 1569 2693 1609 nnn

452 1660 702 1721 facturi.
754 1661 995 1724 Datum
1042 1660 1246 1738 Bude,
1297 1661 1359 1722 in
1409 1661 1698 1740 profesto
1746 1660 2137 1722 inventionis
2185 1666 2411 1722 sancte
2461 1657 2693 1733 crucis,

451 1784 628 1830 anno
674 1765 919 1830 domini
966 1769 1306 1830 millesimo
1354 1768 1878 1847 quingentesimo
1925 1768 2222 1848 septimo.

666 1926 910 1990 Kiviil:
956 1929 1304 2009 Magnifico
1345 1928 1627 2009 Georgio
1660 1931 1741 1992 de
1773 1929 2043 2009 Kanysa
2089 1935 2152 1990 et
2199 1927 2458 2006 egregio
2500 1926 2697 1989 Geor-

450 2034 557 2113 gio
604 2034 786 2099 More
834 2036 1020 2099 banis
1066 2037 1259 2099 castri
1307 2038 1506 2100 nostri
1549 2036 2123 2111 NandoralbensiS,
2175 2035 2476 2097 fidelibus
2509 2033 2697 2095 nubis

455 2142 706 2203 sincere
755 2143 1019 2206 dilectis.

669 2291 891 2354 Eredeti,
938 2293 1103 2357 papir,
1132 2290 1363 2342 zarlatim
1393 2289 1574 2357 pecset
1611 2254 1913 2358 nyomaival
1949 2290 2022 2343 M.
2062 2291 2125 2345 Ο.
2166 2292 2226 2344 D.
2268 2292 2323 2342 L.
2365 2293 2557 2342 25415ι
2585 2309 2661 2341 sz.

1453 2577 1702 2640 CDXL.

1194 2774 1409 2850 Buda,
1459 2771 1655 2837 1507.
1697 2773 1851 2856 jzin.
1900 2774 1964 2838 3.

447 2934 509 2986 11.
548 2931 763 2986 Ulfiszlo
800 2930 967 2997 kiraly
1003 2932 1252 2997 Sempthe
1290 2929 1437 2983 vat-at
1475 2934 1723 2984 Kanizsai
1751 2934 1973 2998 Gyorgy
1997 2932 2446 2997 nandorfejervari
2471 2934 2701 2990 bannali„

449 3021 559 3088 iigy
595 3024 641 3074 is
677 3024 808 3072 mint
845 3020 1068 3086 nejenek
1124 3022 1345 3088 zalogos
1402 3020 1644 3085 birtokat,
1683 3020 1793 3089 figy
1831 3026 1876 3074 is
1913 3026 2047 3074 mint
2083 3024 2329 3074 Kanizsai
2379 3025 2697 3090 Gyiirgynek

694 3112 900 3175 zsoldja
935 3109 1144 3178 sejeben
1183 3111 1486 3175 ωηοεόεόῐ,
1525 3110 1746 3179 zalogos
1786 3114 2012 3164 birtokul
2048 3111 2467 3179 adomimyozza.

663 3276 804 3339 Nos
851 3277 1250 3340 Wladislaus
1315 3277 1417 3340 dei
1481 3280 1687 3358 gratia
1734 3294 1850 3340 rex
1896 3277 2229 3357 Hungarie
2275 3285 2340 3340 et
2386 3277 2697 3340 Bohemie

449 3392 571 3448 etc.
597 3385 909 3447 memorie
956 3386 1502 3447 commendamus
1546 3393 1772 3448 tenore
1804 3386 2202 3465 presentium
2236 3384 2697 3464 significantffi,

448 3490 689 3569 quibus
719 3492 978 3571 expedit
1008 3491 1347 3568 universis,
1381 3492 1560 3571 quod
1592 3493 1896 3572 quamvis
1926 3509 2052 3556 nos
2082 3499 2369 3554 castrum
2403 3502 2697 3556 nostrum

448 3595 762 3678 Sempthe
808 3604 1117 3661 vocatum
1151 3600 1215 3662 in
1250 3600 1561 3662 comitatu
1590 3599 1974 3662 Posoniensi
2009 3600 2304 3662 habitum
2352 3601 2697 3663 simule-um

448 3704 723 3785 oppidiS,
771 3705 938 3767 villis
992 3714 1058 3768 et
1101 3707 1636 3786 possessionibus
1699 3724 1780 3768 ac
1845 3707 2102 3787 prediiS,
2167 3707 2573 3787 portionibus
2637 3718 2697 3770 et

448 3811 841 3890 quibuslibet
887 3811 1133 3876 iuribus
1180 3814 1714 3894 possessionariis
1746 3814 1832 3876 ad
1864 3815 2035 3878 idem
2079 3822 2369 3876 castrum
2401 3822 2693 3877 nostrum

448 3919 895 3999 spectantibus
927 3927 992 3981 et
1022 3921 1490 4000 pertinentibus
1536 3921 1708 3984 fideli
1758 3929 1982 3985 nostro
2029 3921 2381 4000 magnifico
2416 3921 2697 4002 Georgii]

446 4024 530 4088 de
576 4024 852 4107 Kanysa
896 4027 1071 4090 bano
1105 4035 1328 4092 nostro
1360 4028 1879 4091 Nandoralbensi
1910 4030 2189 4109 primum
2223 4028 2308 4089 ad
2341 4025 2697 4090 fassionem

444 4150 763 4212 generose
812 4133 1095 4197 condam
1142 4135 1405 4199 domine
1451 4135 1791 4198 Elizabeth
1839 4136 1966 4197 filie
2013 4135 2166 4198 olim
2215 4133 2396 4198 Pauli
2459 4134 2693 4218 Banffji*

448 4241 531 4304 de
575 4242 1010 4323 Alsolyndwa
1055 4244 1281 4322 prioris
1326 4242 1649 4306 consortis
1696 4243 2010 4320 eiusdem,
2070 4242 2175 4304 cui
2221 4258 2346 4305 nos
2411 4250 2697 4306 castrum

448 4347 667 4429 ipsum
735 4366 853 4428 pro
922 4355 1073 4412 octo
1152 4351 1409 4413 milibus
1479 4350 1740 4412 florenis
1812 4349 2373 4430 inscripseramu5‚
2450 4350 2697 4429 prefato

448 4452 733 4534 Georgio
779 4456 1023 4518 factam
1070 4463 1135 4517 et
1179 4456 1414 4518 deinde
1443 4457 1659 4538 posita
1691 4474 1845 4519 cum
1873 4458 2105 4521 eodem
2139 4455 2422 4537 Georgio
2453 4458 2697 4519 ratione

449 4572 513 4622 et
558 4568 889 4641 compotO,
939 4563 1186 4626 ratione
1233 4563 1383 4626 dicti
1432 4564 1713 4627 banatus
1778 4565 2006 4628 iterum
2055 4564 2120 4626 in
2166 4565 2374 4631 tribus
2438 4565 2697 4627 milibus

2777 1697 2874 1737 ιξμῡτ

2741 1769 2845 1821 maj.
2869 1769 2913 1809 τε,
