3475 5200
1366 448 1758 503 —305—

1436 692 1693 787 CDxx.

1191 940 1408 1039 Busta,
1456 936 1651 1002 1502.
1690 935 1821 1019 jau.
1870 906 1933 1000 5'.
1959 1026 1984 1034 ,-

440 1136 502 1187 11.
543 1133 759 1187 Ulaszlo
798 1134 964 1201 kiraly
1004 1134 1303 1186 adoslevele
1340 1133 1597 1185 Kanizsai
1624 1135 1845 1198 Gyorgy
1869 1128 2316 1197 nandorrejervfiri
2352 1129 2459 1182 ban
2483 1129 2689 1182 resze're

442 1245 585 1295 3400
629 1242 886 1309 forintrol,
924 1244 1063 1308 mely
1114 1243 1395 1307 bsszeggel
1415 1242 1670 1294 'Kanizsai
1709 1241 2035 1306 Gyorgynek
2072 1237 2256 1291 fizetes
2286 1237 2496 1303 fejeben
2533 1244 2685 1290 tarto*

443 1354 528 1403 zik
575 1368 602 1404 s
640 1353 831 1418 melyet
866 1367 898 1401 a
918 1351 1050 1417 ιἱὸνό
1088 1356 1185 1401 szt.
1225 1348 1393 1400 Balint
1429 1348 1643 1415 napjaig
1679 1349 1859 1415 (1503.
1900 1348 2029 1400 febr.
2077 1347 2161 1413 14)
2200 1349 2336 1410 neki,
2386 1363 2528 1413 vagy
2566 1348 2685 1398 sele-

935 1456 1163 1524 segenek
1203 1459 1475 1524 Rozgonyi
1513 1456 1773 1507 Klarzinak
1809 1458 2035 1508 lefizetni
2073 1454 2199 1521 iger.

665 1642 805 1705 Nos
861 1641 1261 1703 Wladislaus
1318 1641 1420 1702 dei
1474 1640 1677 1719 gratia
1732 1639 1848 1702 re'x
1895 1639 2225 1719 Hungarie
2274 1644 2337 1701 et
2383 1638 2693 1702 Bohemie

447 1759 569 1814 etc.
603 1749 1137 1830 recognoscimus
1170 1756 1234 1810 et
1264 1756 1487 1810 tenore
1530 1748 1929 1828 presentium
1962 1746 2408 1825 significamus
2458 1748 2693 1826 quibus

448 1857 709 1938 expedit
755 1856 1095 1933 universiS‚
1145 1855 1322 1934 quod
1355 1871 1480 1916 nos
1514 1854 1728 1934 posita
1761 1855 1977 1916 debita
2023 1853 2270 1918 ratione
2319 1871 2468 1916 cum
2505 1854 2693 1917 fidele

450 1973 675 2035 nostro
723 1964 1071 2043 magnifico
1119 1963 1401 2042 Georgio
1458 1963 1540 2024 de
1588 1962 1862 2043 Kanysa
1909 1962 2084 2024 bano
2131 1968 2357 2023 nostro
2402 1961 2689 2023 Nandor—

449 2072 697 2135 albensi
761 2070 973 2134 eidem
1002 2071 1251 2133 ratione
1282 2069 1658 2132 huiusmodi
1704 2070 1984 2131 banatus
2029 2068 2587 2131 Nandoralbensis
2633 2073 2693 2129 in

448 2187 693 2242 sortem
740 2178 970 2242 sellarii
1004 2186 1065 2239 et
1111 2176 1343 2239 servitii
1392 2178 1493 2239 sui
1542 2177 1745 2238 tribus
1792 2176 2052 2237 milibus
2101 2183 2165 2237 et
2210 2176 2697 2256 quadringentis

452 2284 728 2348 florenis
771 2267 854 2347 ab
903 2285 1053 2347 hinc
1101 2301 1314 2363 usque
1379 2284 1462 2345 ad
1512 2283 1754 2347 festum
1802 2283 1970 2344 beati
2037 2282 2357 2345 Valentini
2425 2283 2728 2345 martiris
2758 2261 2925 2325 ”ffi—

453 2394 746 2474 proxime
793 2392 1153 2454 affuturum
1200 2391 1524 2453 debitores
1572 2392 2028 2465 remansimus,
2078 2408 2248 2469 quos
2284 2407 2439 2452 cum
2468 2391 2693 2470 impre-
2717 2337 2829 2377 stur.
2865 2337 2933 2373 H·

453 2501 807 2576 sentiarum
855 2500 942 2563 ob
989 2500 1114 2560 alia
1160 2499 1363 2562 multa
1411 2505 1473 2559 et
1521 2498 1778 2560 diversa
1845 2505 2068 2559 nostra
2133 2503 2197 2559 et
2253 2498 2432 2577 regni
2499 2497 2697 2560 nostri

454 2609 716 2688 negotia
762 2615 826 2670 et
871 2609 1293 2669 necessitates
1333 2606 1776 2687 expediendas
1816 2606 2028 2668 eidem
2061 2606 2343 2686 Georgio
2392 2606 2700 2684 Kamisa?

455 2713 797 2792 disponere
839 2721 903 2776 et
935 2716 1256 2794 exolvere,
1306 2715 1653 2793 ipsumque
1703 2714 1853 2776 hinc
1910 2733 1950 2775 a
1999 2715 2190 2776 nobis
2236 2715 2418 2776 aliter
2463 2713 2701 2776 interea

455 2822 760 2901 expedire
807 2828 872 2886 et
917 2822 1231 2884 dimittere
1279 2821 1828 2901 nequivissemus,
1877 2840 2010 2900 quo
2058 2822 2253 2884 etiam
2286 2822 2458 2884 idem
2507 2821 2701 2883 Geor-

454 2929 602 3007 gius
650 2927 730 2989 de
767 2927 1105 2991 'solutione
1144 2930 1336 2990 trium
1385 2926 1628 2990 milium
1664 2935 1727 2989 et
1759 2930 2379 3008 quadringentorum
2425 2929 2701 2990 floreno-

456 3053 600 3096 rum
632 3045 1044 3098 assecuretur
1066 3045 1131 3098 et
1154 3036 1554 3109 certificetur,
1591 3036 1968 3099 huiusmodi
1999 3037 2117 3097 tria
2145 3037 2294 3098 mila
2318 3042 2381 3096 et
2405 3034 2701 3114 quadrin÷

454 3148 689 3220 gentos
735 3143 1040 3219 ssorenOS,
1089 3143 1172 3204 ad
1221 3150 1508 3204 castrum
1558 3141 1873 3222 Sempthe
1920 3143 1985 3205 in
2032 3142 2345 3205 comitatu
2376 3136 2701 3203 Nittrie'nsi

455 3248 770 3333 habitum,
837 3250 1013 3330 quod
1070 3267 1248 3312 nunc
1302 3250 1479 3330 apud
1540 3268 1778 3335 manus
1844 3249 2138 3311 eiusdem
2186 3249 2418 3326 existit,
2485 3249 2705 3310 inseri*

456 3355 709 3419 bendos
756 3357 1085 3433 duximus,
1144 3357 1231 3418 ita
1276 3356 1587 3434 videlicet,
1638 3357 1816 3436 quod
1873 3357 2032 3419 dum
2098 3364 2162 3418 et
2223 3357 2705 3437 quamprimum

458 3464 581 3526 nos
628 3464 750 3526 hec
779 3465 900 3526 tria
928 3465 1100 3526 milia
1132 3471 1196 3527 et
1222 3463 1730 3544 quadringentos
1755 3465 2061 3541 ssorenOS,
2095 3464 2159 3527 in
2191 3465 2428 3546 quibus
2456 3464 2705 3545 prefato

457 3569 741 3656 Georgio
792 3571 1103 3649 Kamisa?
1150 3588 1411 3633 exnunc
1458 3578 1530 3633 ut
1586 3574 1902 3652 prefertur
1934 3571 2257 3634 debitores
2321 3573 2705 3658 mansimu5,

458 3677 668 3740 eidem
700 3685 816 3740 aut
833 3695 1150 3757 generose
1182 3679 1445 3741 domine
1474 3678 1662 3741 Clare
1690 3679 1772 3741 de
1805 3679 2075 3761 Rozgon
2106 3681 2390 3742 consorti
2416 3680 2705 3743 eiusdem

459 3796 560 3848 vel
584 3787 877 3865 ipsorum
901 3786 1247 3848 heredibus
1275 3785 1796 3865 persolverimus,
1827 3792 1942 3847 aut
1969 3767 2149 3850 aliter
2175 3789 2705 3866 qualitercunque

475 3893 1003 3969 satisfecerimuS,
1038 3898 1333 3954 teneatur
1379 3892 1690 3972 evestigio
1737 3893 1910 3955 idem
1942 3901 2056 3955 aut
2087 3895 2229 3974 ipsa
2265 3912 2539 3957 consors
2587 3912 2709 3955 sua

457 4001 559 4062 vel
608 3999 881 4062 heredes
913 4017 1141 4062 eorum
1173 4000 1434 4080 predicti
1464 4001 1586 4063 has
1616 4001 1858 4063 litteras
1890 4009 2149 4064 nostras
2195 4002 2314 4064 sibi
2361 4001 2709 4082 superinde

460 4125 573 4188 per
619 4124 744 4169 nos
786 4106 974 4169 datas
1007 4108 1070 4168 in
1100 4107 1317 4186 specie
1364 4107 1554 4169 nobis
1601 4108 1869 4170 reddere
1916 4115 1980 4170 et
2025 4109 2376 4186 restituere,
2411 4115 2474 4169 et
2520 4108 2709 4170 nichil

459 4215 728 4278 ulterius
791 4215 877 4276 ad
914 4215 1285 4299 ‚predictum
1339 4219 1627 4276 castrum
1687 4215 1770 4276 de
1831 4216 2075 4278 eisdem
2144 4221 2543 4294 computare,
2592 4206 2709 4276 sed

460 4323 879 4384 solummodo
910 4322 1081 4384 idem
1114 4321 1437 4400 Georgius
1457 4321 1584 4383 hoc
1604 4321 1805 4384 modo
1835 4329 2066 4401 postea
2094 4322 2248 4384 illud
2280 4329 2498 4383 teneat
2524 4322 2709 4385 sicuti

459 4429 640 4510 prius
704 4437 767 4491 et
815 4429 1162 4507 hucusque
1209 4430 1430 4505 tenuit,
1476 4429 1678 4490 immo
1725 4430 2136 4492 inscribimus
2178 4429 2412 4492 harum
2462 4437 2709 4493 nostra-

461 4555 604 4601 rum
636 4537 856 4618 vigore
899 4544 967 4599 et
1014 4537 1384 4623 testimonio
1445 4537 1770 4599 literarum
1818 4539 2162 4601 mediante.
2230 4538 2473 4600 Datum
2528 4538 2709 4599 Bude

461 4644 617 4706 seria
660 4644 845 4707 tertia
888 4644 1186 4725 proxima
1233 4651 1383 4724 post
1413 4642 1654 4707 festum
1686 4643 2069 4709 visitationis
2102 4647 2473 4709 beatissime
2513 4644 2709 4706 Mar-ie

569 4779 927 4835 Mamer-mrb
955 4779 1360 4824 osszelmttetesek
1387 4778 1686 4823 okleveltAra.
2427 4764 2497 4817 20
