3475 5200
1375 440 1727 492 ..99-

432 667 624 730 nobis
672 679 863 726 sacro
910 659 1302 741 dyademate
1349 658 1496 721 dicti
1543 660 1722 740 regni
1770 661 2104 742 Hungarie
2153 659 2415 728 Christo
2449 663 2677 725 amini-

438 775 699 836 culante
745 769 1008 833 feliciter
1053 766 1388 846 insignitiS,
1438 785 1562 829 nos
1608 767 1825 831 valido
1881 777 2107 833 nostro
2161 780 2343 834 moto
2392 771 2677 835 exercitu

426 897 717 944 unacum
767 876 1007 940 nostris
1055 880 1118 936 et
1164 873 1310 935 dicti
1357 875 1534 954 regni
1583 876 1789 938 nostri
1836 876 2139 940 fidelibus
2185 879 2445 958 egregio
2478 880 2680 941 etiam

430 1007 511 1051 ac
559 985 894 1067 spectabili
941 983 1080 1044 viro
1128 982 1409 1044 condam
1454 981 1810 1045 Wilhelmo
1864 984 2057 1047 fratre
2089 986 2329 1048 scilicet
2361 967 2677 1066 pretaxati

432 1095 688 1159 comitis
753 1090 1112 1155 Hermanni
1181 1091 1472 1169 patruele
1542 1090 1605 1151 in
1673 1097 1737 1152 et
1801 1092 1886 1153 ad
1948 1089 2325 1155 huiusmodi
2383 1102 2673 1157 nostram

433 1202 720 1265 validam
786 1197 1261 1281 expeditionem
1339 1214 1490 1258 cum
1556 1198 1793 1260 vexillo
1841 1205 1904 1260 et
1948 1200 2254 1278 gentibus
2301 1202 2439 1263 suis
2486 1202 2675 1265 armi-

427 1310 599 1391 geris
644 1315 711 1371 et
754 1306 840 1369 ad
886 1311 1110 1369 nostra
1158 1304 1475 1383 obsequia
1519 1303 1852 1383 gratanter
1895 1307 2215 1386 veniente,
2264 1325 2497 1370 versus
2541 1326 2679 1388 reg-

430 1426 591 1480 num
637 1416 867 1478 Rascie
915 1410 1372 1487 castrametati,
1419 1429 1791 1492 magnaque
1836 1416 2125 1493 potentia
2172 1415 2466 1495 Bayzath
2514 1415 2681 1478 Tur·

432 1542 659 1586 corum
709 1521 1111 1602 imperatoris
1139 1536 1342 1600 prope
1376 1518 1579 1581 Kewe
1614 1522 1780 1583 ultra
1819 1520 2196 1585 Danubium
2232 1540 2358 1585 nos
2389 1530 2676 1586 nostros·
2704 1547 2713 1554 ⁸

434 1650 562 1711 que
609 1631 837 1693 fideles
903 1645 1224 1708 sequaces
1281 1629 1657 1709 armigerOS,
1724 1629 2033 1692 insidiose
2097 1632 2512 1710 prestolante,
2560 1631 2683 1693 sed

431 1738 807 1802 huiusmodi
854 1736 1143 1817 potentia
1189 1735 1555 1798 Turcorum
1606 1737 1967 1800 eorundem
2011 1746 2162 1800 ante
2196 1737 2431 1801 faciem
2474 1738 2681 1801 nostri

432 1847 753 1909 exercitus
798 1853 979 1924 terga
1025 1850 1336 1920 vertente,
1383 1861 1617 1906 versus
1666 1852 1953 1908 castrum
2000 1845 2224 1908 Izzdril
2272 1847 2671 1926 appellatum

432 1955 594 2017 intra
640 1953 954 2015 ambitum
1004 1951 1152 2012 dicti
1200 1951 1378 2029 regni
1427 1951 1653 2013 Rascie
1701 1953 2014 2028 habitum,
2048 1970 2249 2032 regno
2297 1954 2565 2016 ulterius
2611 1954 2678 2015 in

434 2062 667 2123 eodem
731 2058 1204 2140 progrediendo
1271 2057 1887 2138 devastationesque
1954 2068 2016 2121 et
2080 2061 2379 2123 incendia
2434 2078 2681 2140 magna

435 2167 921 2244 committendo,
969 2166 1259 2246 prefatus
1308 2166 1588 2228 condam
1621 2166 2012 2228 Wilhelmus
2044 2175 2269 2230 nostro
2300 2168 2478 2230 lateri
2509 2185 2677 2230 sern-

433 2293 548 2356 per
591 2273 989 2350 adherendO,
1036 2274 1128 2336 uti
1193 2272 1436 2335 athleta
1482 2274 1604 2351 dei,
1673 2273 2088 2337 fidelissimos
2137 2275 2326 2336 nobis
2376 2281 2439 2336 et
2485 2292 2679 2337 sacro

435 2389 658 2445 nostro
682 2379 1054 2461 dyademati
1085 2387 1149 2442 et
1177 2379 1581 2460 gratissimos
1616 2382 1905 2444 exhibuit
1938 2382 2314 2458 famulatus,
2350 2382 2412 2443 in
2438 2382 2684 2461 quibus

435 2488 632 2551 nimia
679 2494 1032 2569 preventus
1080 2487 1438 2566 egritudine
1485 2489 1571 2550 ad
1619 2489 1879 2568 propria
1926 2488 2181 2550 rediens
2232 2490 2433 2552 vitam
2471 2489 2675 2552 finivit

436 2598 876 2676 temporalem.
927 2595 1223 2675 Denique
1289 2596 1482 2658 etiam
1549 2595 1743 2675 digne
1809 2604 1873 2659 et
1937 2596 2171 2683 merito·
2231 2598 2313 2659 de
2378 2596 2676 2660 eiusdem

438 2704 689 2766 comitis
753 2703 1113 2765 Hermanni
1184 2721 1360 2765 nunc
1434 2704 1817 2782 superstitiS‚
1891 2705 2099 2766 soceri
2170 2706 2407 2767 scilicet
2478 2706 2685 2768 nostri

439 2811 772 2889 carissimi,
820 2810 1214 2873 fidelissimis
1261 2811 1613 2889 obsequiiS,
1660 2810 1967 2873 virtuosis
2013 2812 2217 2891 gestis
2264 2818 2326 2873 et
2359 2813 2497 2875 suis
2529 2814 2676 2875 acti-

440 2920 562 2981 bus
629 2919 911 2983 strenuis
982 2919 1066 2979 ad
1149 2918 1531 2980 memoriam
1621 2917 1986 2980 futurorum
2057 2920 2272 2997 aliqua
2371 2920 2692 2982 duximus

438 3024 851 3105 patescenda.
902 3025 1072 3087 Nam
1121 3025 1278 3087 dum
1325 3042 1450 3088 nos
1497 3043 1672 3088 anno
1716 3032 1781 3087 et
1812 3033 2104 3106 tempore
2134 3026 2225 3087 uti
2259 3026 2682 3105 prediximuS,

436 3135 564 3195 iam
609 3134 1003 3214 retrolapsiS,
1053 3132 1287 3195 Christi
1335 3134 1598 3197 nomine
1644 3134 1950 3196 invocato
1984 3135 2174 3195 ritum
2207 3134 2680 3213 regnicolarum

438 3240 843 3304 salutiferum
889 3241 1238 3318 incitando,
1308 3240 1614 3320 gentibus
1690 3241 2039 3320 armigeris,
2124 3240 2205 3301 de
2274 3241 2685 3303 diversorum

439 3356 799 3411 ceterorum
847 3356 910 3410 et
955 3348 1158 3411 nostri
1187 3365 1538 3427 regnorum
1572 3348 1938 3410 climatibus
1970 3365 2237 3428 procere
2268 3348 2687 3427 ingentisque

439 3456 811 3536 quantitatis
868 3455 1170 3517 militibus
1219 3462 1283 3517 et
1328 3455 1633 3533 gentibus
1664 3455 1997 3535 armigeris
2028 3454 2293 3517 feliciter
2335 3455 2687 3535 agregatiS,

439 3581 547 3643 pre
606 3561 834 3625 ceteris
881 3563 1119 3624 nostris
1167 3561 1466 3623 fidelibus
1513 3562 1895 3655 primatibus
1954 3562 2188 3624 eodem
2238 3562 2570 3640 spectabili
2620 3568 2685 3623 et

439 3669 787 3749 magnifico
835 3667 1070 3730 comite
1118 3667 1497 3730 Hermanno
1546 3685 1777 3730 socero
1824 3676 2051 3731 nostro
2100 3687 2252 3731 curn
2284 3669 2522 3731 vexillo
2557 3686 2689 3730 suo

439 3777 654 3839 valido
702 3776 1168 3859 armigerorum
1215 3777 1608 3855 prepollente
1659 3782 1807 3836 cetu
1854 3776 2257 3838 laudabiliter
2302 3776 2595 3853 suffultO,
2621 3785 2687 3839 et

442 3902 573 3946 una
595 3884 942 3945 nobiscum
962 3883 1383 3962 personaliter
1404 3881 1854 3963 progrediente
1874 3882 2282 3944 addictorum
2316 3882 2688 3945 Turcorum

439 4000 499 4053 et
545 3990 841 4071 Bayzath
892 3990 1296 4069 imperatoris
1343 3991 1701 4052 eorundem
1761 3990 2056 4051 sevitiam
2122 3989 2683 4069 comprimendam

443 4107 502 4159 et
534 4096 901 4160 elidendam
932 4096 1018 4158 ad
1051 4097 1311 4159 climata
1339 4097 1487 4159 dicti
1534 4098 1712 4177 regni
1760 4097 1964 4159 nostri
2012 4096 2329 4176 Bulgarie,
2369 4096 2478 4158 ubi
2512 4096 2684 4176 ipso-

442 4222 584 4266 rum
649 4204 944 4283 Bayzath
1010 4205 1357 4284 imperator
1420 4212 1484 4267 et
1538 4204 1909 4266 Turcorum
1977 4210 2470 4282 ceterorumque
2528 4203 2691 4266 scis-

444 4313 827 4375 maticorum
872 4311 1136 4391 grandis
1186 4319 1370 4374 cetus
1399 4312 1777 4392 pullulabat,
1809 4319 2023 4373 castra
2057 4310 2275 4372 metati
2302 4309 2691 4394 fuissemuS,

444 4428 506 4480 et
551 4419 830 4500 Bydinio
875 4418 1131 4481 civitate
1178 4419 1548 4497 fortissima,
1597 4436 1857 4481 necnon
1896 4416 2352 4481 Strachimerio
2386 4418 2684 4481 eiusdem

446 4526 845 4607 imperatoris
869 4533 1092 4589 nostre
1124 4527 1344 4590 ditioni
1367 4527 1585 4591 votive
1618 4525 2003 4606 subiugatiS,
2038 4525 2405 4605 abhincque
2430 4525 2695 4588 eminus

447 4633 835 4714 egrediendo
882 4640 948 4696 et
993 4641 1208 4697 castro
1255 4632 1455 4697 Oriho
1502 4641 1885 4715 nuncupato
1930 4651 2045 4713 per
2088 4632 2346 4695 Turcos
2410 4634 2690 4707 retente,

2399 4751 2461 4805 7⁴
