3475 5200
1780 325 2168 379 —258—

852 545 1140 607 officium
1187 545 1268 608 sit
1315 544 1708 625 principibus
1755 561 2027 607 suorum
2076 544 2484 607 subditorum
2532 545 2857 624 digniores
2897 547 3093 608 maio·

852 653 1028 713 ribus
1073 651 1408 731 providere
1452 652 1671 732 gratiis
1717 657 1782 713 et
1831 652 2184 727 favoribuS,
2233 660 2305 714 ut
2350 653 2543 715 iidem
2590 660 2867 733 accepta
2924 655 3091 732 regia

848 773 1032 837 grata
1077 759 1512 822 benivolentia
1556 759 1697 821 aliis
1764 760 2131 839 exemplare
2180 776 2383 839 seque
2448 761 2532 822 ad
2597 768 2753 823 vota
2802 761 3089 822 domino·

848 889 920 929 ru
932 885 992 929 m
1044 885 1313 929 suorum
1361 866 1725 944 diligentius
1772 872 1836 928 et
1881 866 2235 928 ferventius
2280 868 2602 946 applicare
2639 867 2916 947 possint,
2949 867 3089 929 ideo

852 993 976 1037 nos
1024 982 1376 1053 pensantes
1423 974 1651 1036 merita
1697 980 1762 1035 et
1808 974 2021 1035 fidelia
2067 974 2325 1036 servitia
2371 973 2577 1037 fidelis
2607 975 2810 1036 nostri
2846 980 3089 1057 specta-

852 1085 988 1145 bilis
1056 1088 1116 1144 et
1178 1081 1504 1161 magnifici
1571 1080 1818 1142 Nicolai
1883 1081 1967 1143 de
2032 1080 2277 1161 Wylak
2340 1082 2592 1144 comitis
2656 1081 2949 1160 perpetui
3011 1080 3090 1143 de

848 1189 1187 1253 Thelchak
1233 1207 1312 1250 ac
1356 1189 1511 1251 bani
1575 1188 2060 1251 Machoviensis
2126 1187 2335 1251 eidem
2401 1188 2465 1251 id
2513 1188 2824 1251 duximus
2888 1206 3087 1251 annu-

852 1297 1092 1358 endum
1142 1303 1206 1358 et
1252 1294 1771 1372 concedendurn,
1819 1302 1893 1357 ut
1937 1301 2289 1375 postquam
2335 1296 2501 1358 inter
2541 1312 2671 1359 nos
2718 1301 2785 1357 et
2836 1295 3087 1358 Turcos

852 1405 1065 1481 aliqua
1127 1421 1258 1483 pax
1323 1409 1439 1464 aut
1501 1410 1749 1484 trewga
1811 1404 2124 1466 conclusa
2184 1402 2376 1464 fuerit
2438 1403 2544 1480 ita,
2594 1410 2669 1465 ut
2723 1404 3090 1481 utriumque

852 1513 1149 1573 homines
1214 1510 1485 1572 liberum
1559 1511 1846 1572 habeant
1909 1510 2158 1572 aditum
2228 1527 2462 1573 omnes
2526 1510 2877 1573 mercantie
2941 1528 3088 1572 con-

852 1617 1106 1678 cambia
1170 1623 1233 1679 et
1297 1617 1416 1679 alie
1482 1617 1956 1696 negotiationes
2017 1616 2187 1679 licite
2260 1624 2494 1695 utputa
2561 1626 2627 1681 et
2688 1618 2967 1697 legitime
3029 1623 3090 1679 et

852 1727 932 1785 de
968 1725 1099 1785 iure
1132 1740 1266 1786 non
1300 1723 1619 1803 prohibite
1649 1725 1713 1785 in
1746 1724 1895 1785 villa
1926 1724 2153 1804 prefati
2190 1723 2437 1788 Nicolai
2478 1725 2731 1788 comitis
2771 1725 3087 1805 Apayoch

852 1841 1084 1893 vocata
1145 1830 1209 1893 in
1273 1838 1465 1911 portu
1546 1831 1745 1892 Zawe
1812 1831 2032 1893 habita
2094 1832 2552 1894 tantummodo
2617 1838 2682 1894 et
2745 1849 2880 1894 non
2948 1831 3087 1916 alibi

852 1941 984 2001 fieri
1032 1937 1311 2000 debeant
1375 1946 1572 2018 atque
1635 1938 1909 2017 possint,
1977 1940 2110 2002 imo
2155 1938 2510 2002 annuimus
2558 1945 2621 2001 et
2667 1938 3086 2002 concedimus

852 2049 1032 2109 salvo
1082 2045 1215 2107 iure
1263 2045 1477 2108 alieno
1523 2047 1755 2107 harum
1789 2053 2159 2108 nostrarum
2195 2046 2518 2107 literarum
2567 2046 2788 2126 vigore
2820 2053 2884 2108 et
2920 2046 3088 2126 testi-

852 2153 1070 2214 monio
1118 2152 1460 2215 mediante.
1512 2153 1758 2215 Datum
1803 2154 1866 2215 in
1916 2152 2144 2216 Cibinii
2191 2154 2257 2215 in
2294 2154 2465 2215 festo
2511 2142 2893 2215 beati'Galli
2940 2171 3087 2215 con-

852 2259 1118 2322 fessoris
1148 2276 1325 2322 anno
1358 2259 1601 2322 domini
1632 2259 1974 2324 millesimo
2006 2259 2642 2340 quadringentesimo
2674 2260 3084 2339 sexagesimo

616 2333 808 2449 &iffa
852 2369 1148 2445 septimO,
1199 2367 1372 2446 regni
1423 2368 1622 2429 nostri
1652 2384 1832 2430 anno
1864 2368 2141 2445 decimo,
2175 2368 2614 2430 coronationis
2652 2384 2808 2430 vero
2838 2376 3081 2447 quarto.

1059 2525 1281 2586 Eredeti,
1320 2527 1485 2590 papir,
1524 2524 1662 2591 aljan
1702 2528 1863 2578 νὸτὸε
1900 2528 2154 2576 viaszkba
2200 2528 2441 2590 nyomott
2477 2522 2743 2589 pecsettel.
2803 2524 3084 2589 Kormend,

848 2617 932 2678 lig.
976 2612 1344 2679 Eatthyanydt.
1382 2617 1513 2665 Acta
1549 2616 1765 2680 antiqua
1798 2617 1900 2666 lad.
1942 2619 1990 2667 7.
2030 2617 2206 2668 almar.
2245 2617 2294 2666 5.
2334 2616 2548 2666 miscell.
2588 2630 2685 2665 nro
2725 2617 2844 2666 252.

1794 2904 2147 2982 CCCLVH.

1522 3113 1865 3198 Segesva'r‚
1913 3113 2111 3179 1467.
2162 3135 2306 3178 nov.
2354 3115 2414 3179 2.

851 3274 1052 3338 Minyas
1091 3273 1256 3340 kiraly
1292 3275 1548 3340 Nagylaki
1573 3276 1778 3340 Jaksity
1815 3272 2047 3342 (Jaxyth)
2084 3274 2366 3326 Istvannak
2403 3274 2461 3325 es
2500 3275 2843 3326 Demeternek
2878 3275 3090 3326 adoma-

848 3382 1052 3428 nyozzn
1091 3381 1121 3414 a
1158 3363 1323 3429 kiraly
1360 3364 1621 3430 szemelye
1660 3366 1812 3415 koriil
1850 3370 2077 3415 szcrzett
2114 3364 2374 3415 erdemeik
2407 3364 2683 3430 jutalmaul
2721 3381 2752 3415 a
2776 3363 2948 3416 Kolos
2974 3362 3090 3415 vat·

852 3454 1139 3518 inem-eiben
1195 3452 1354 3503 sekv6
1413 3454 1623 3517 Fanum,
1680 3452 1962 3515 Ivantelke,
2019 3453 2203 3515 Valko'‚
2263 3454 2458 3519 Ujfalu,
2516 3455 2775 3515 Kelechel,
2814 3453 2989 3505 Fe1s6-
3025 3451 3090 3503 e's

848 3544 1103 3592 ,also-Esil
1155 3543 1469 3605 birtokokat,
1526 3543 1732 3608 melyek
1792 3543 2003 3594 Far-nasi
2040 3543 2202 3595 Veres
2240 3544 2482 3595 Benedek
2520 3541 2828 3609 hfitlense'ge
2877 3545 3018 3594 miatt
3057 3558 3092 3594 a

1549 3631 1730 3698 kiralyi
1770 3632 2055 3685 kinostarra
2092 3632 2385 3686 szallottak.

1060 3811 1281 3873 Eredeti,
1303 3808 1505 3875 hattya,
1533 3809 1668 3874 aljan
1688 3809 1991 3876 ranyomott
2015 3810 2196 3877 pecset
2222 3813 2538 3877 nyomaival,
2574 3812 2867 3864 M.O.D.L.
2896 3811 3093 3863 26897.

848 3898 1052 3966 Minyas
1074 3900 1342 3966 kiralynak
1362 3916 1710 3965 ugyanaznap
1735 3916 1766 3948 a
1794 3901 2241 3952 kolosmonostori
2264 3903 2597 3952 konventhez
2623 3899 2840 3952 intezett
2854 3899 3094 3952 beiktato

848 3994 1123 4050 rei-sdizlao,
1163 4006 1213 4040 u.
1254 4005 1302 4041 o.
1345 3991 1535 4040 26898.
1594 4006 1670 4041 sz.
1727 3991 1773 4039 A
1828 3991 2277 4041 kolosmonostori
2332 3992 2670 4042 konventnek
2732 3992 2885 4042 1467.
2940 3992 3094 4041 decz.

848 4082 1000 4130 ’,Ξῑμιὲη
1044 4082 1145 4130 kelt
1178 4077 1430 4144 jelentese
1470 4095 1502 4128 a
1539 4078 1796 4130 beiktatas
1851 4078 2275 4145 megtortenterffl
2314 4097 2364 4132 u.
2404 4096 2453 4131 o,
2514 4081 2705 4132 26899.
2745 4096 2822 4132 sz.
2861 4097 2909 4132 a.
2947 4106 3005 4116 —
3046 4083 3097 4130 A

848 4174 996 4218 azert*
1036 4165 1244 4219 eredett'i
1284 4167 1537 4233 Nagylaki
1564 4169 1755 4233 Jaxyth
1780 4167 1973 4230 csalizd,
2002 4167 2110 4234 ugy
2146 4167 2346 4232 latszik,
2386 4186 2417 4219 a
2454 4169 2564 4221 XV.
2612 4169 2807 4220 szazad
2863 4167 3098 4220 derekan

851 4258 1122 4310 riindurolt
1161 4261 1226 4309 be
1265 4257 1760 4322 Magyarorszagba.
1803 4257 2108 4323 Kozpalyan
2150 4275 2180 4308 a
2217 4257 2394 4309 csalad
2431 4261 2592 4324 tagjai
2633 4257 2844 4310 e16s26r
2879 4258 3100 4325 Matyis

848 4350 1084 4410 ide-jelicn
1124 4345 1319 4397 tt‘innek
1357 4348 1442 4408 fel,
1500 4349 1809 4398 birtokosok
1870 4347 2120 4409 Csanad-,
2172 4350 2330 4398 Arad-
2385 4346 2444 4398 es
2493 4347 2977 4414 Kolosmegyeben.
3020 4376 3098 4386 —-

856 4442 1000 4486 1435.
1040 4442 1143 4502 jan.
1190 4436 1346 4487 lss-an
1386 4435 1591 4502 Matyas
1630 4435 1800 4502 kirdly
1836 4437 2092 4502 Nagylaki
2132 4439 2322 4503 Jaxyth
2347 4437 2630 4489 Istvannak
2659 4436 2716 4489 es
2743 4439 3103 4492 Demetemek

848 4542 908 4574 aa
952 4529 1083 4576 §arud
1139 4524 1523 4592 varmegyeben
1580 4526 1739 4577 sekvo'
1797 4528 1987 4589 Fellak,
2045 4528 2257 4578 Serfesd
2297 4526 2355 4579 es
2403 4529 2736 4580 Farkastelek
2791 4530 3105 4582 birtokokat
