3475 5200
1419 371 1482 380 —-
1562 342 1806 396 163—

484 571 550 626 et
606 561 921 643 Stephani
968 563 1246 625 filiorum
1294 562 1590 625 eiusdem
1637 563 1818 642 quod
1867 563 2122 644 Caspar
2167 570 2232 626 et
2276 562 2576 627 Thomas
2630 563 2738 626 filii

487 669 680 732 Blasii
714 670 795 732 de
825 670 1054 750 Wpor,
1091 669 1403 733 Nicolaus
1436 669 1785 733 Chonthos
1818 670 1899 732 de
1932 649 2237 751 Legenye
2285 688 2367 733 ex
2406 688 2739 735 consensu

486 785 549 839 et
623 775 1027 857 volumptate
1100 777 1334 840 nobilis
1407 776 1672 840 domine
1740 777 1956 842 relicte
2026 778 2321 841 eiusdem
2392 777 2587 841 Blasii
2657 778 2739 840 de

486 885 719 947 eadem
766 883 980 965 Wpor
1024 884 1193 947 circa
1237 884 1482 947 festum
1521 884 1991 948 Pentecosthes
2024 884 2319 966 proxime
2365 887 2736 966 preteritum
2772 875 2957 1002 mff’ou

487 991 705 1055 missis
780 999 845 1054 et
909 991 1248 1054 destinatis
1316 992 1578 1072 populis
1648 999 1711 1053 et
1783 991 2240 1072 iobagionibus
2309 992 2604 1073 ipsorum
2671 992 2735 1055 in
2798 980 2971 1046 kbrm'

488 1101 720 1162 eadem
744 1100 954 1182 Wpor
983 1100 1527 1163 commorantium
1551 1102 1636 1162 ad
1666 1102 1939 1163 domum
1964 1117 2106 1164 sew
2131 1101 2377 1163 curiam
2409 1101 2736 1181 propriam

488 1206 833 1270 cuiusdam
875 1207 1203 1270 Benedicti
1238 1206 1516 1288 Chygan
1558 1209 1622 1270 in
1662 1206 1992 1288 Thergew
2023 1208 2492 1272 commorantis
2522 1209 2738 1288 ibique

487 1313 771 1377 eundem
818 1314 951 1376 dire
997 1322 1060 1377 et
1106 1315 1335 1377 acriter
1359 1315 1813 1378 verberassent
1854 1323 1916 1378 et
1947 1316 2398 1394 wlnerassent,
2448 1315 2738 1395 dumque

488 1420 715 1501 prefati
740 1429 1146 1503 exponentes
1171 1422 1544 1484 Ladislaum
1567 1421 1652 1485 de
1682 1421 2004 1484 Besenew
2036 1422 2416 1486 familiarem
2448 1423 2738 1503 ipsorum

489 1528 660 1591 circa
724 1529 995 1594 eosdem
1052 1529 1304 1609 Caspar
1368 1537 1432 1593 et
1493 1528 1827 1593 Thomam
1887 1547 2006 1611 pro
2077 1531 2358 1611 petenda
2415 1548 2499 1593 ex
2557 1538 2738 1611 parte

489 1636 910 1716 iobagionum
944 1637 1184 1700 iustitia
1214 1654 1504 1700 unacum
1545 1637 1782 1700 eodem
1813 1637 2159 1717 iobagione
2202 1639 2736 1716 transmisissent,

487 1749 642 1805 tunc
692 1743 863 1807 idem
921 1745 1175 1824 Caspar
1233 1752 1295 1806 et
1348 1742 1649 1807 Thomas
1704 1743 1996 1823 quodam
2054 1743 2272 1808 furore
2319 1746 2540 1825 repleti
2597 1763 2737 1825 pre-

489 1849 697 1913 fatum
746 1849 1126 1915 familiarem
1172 1852 1573 1932 prefatorum
1628 1851 2096 1932 exponentium
2131 1852 2346 1915 verbis
2391 1852 2621 1916 illicitis
2677 1859 2739 1916 et

486 1958 901 2038 vituperiosis
925 1966 1427 2040 pertractassent
1462 1976 1542 2021 ac
1573 1958 1858 2021 eundem
1888 1959 2304 2038 iobagionem
2331 1960 2733 2040 prefatorum

489 2067 955 2146 exponentium
1005 2084 1209 2147 penes
1255 2066 1529 2128 domum
1577 2066 1869 2146 ipsorum
1927 2066 2060 2129 dire
2120 2075 2183 2129 et
2239 2067 2468 2131 acriter
2511 2068 2737 2131 verbe-

467 2155 742 2235 'rassent
788 2179 853 2236 et
896 2174 1398 2250 introncassent,
1446 2174 1557 2235 ubi
1606 2180 1669 2236 et
1716 2191 1894 2236 nunc
1941 2174 2223 2237 eundem
2274 2183 2738 2238 conservarent

488 2279 568 2341 de
617 2279 897 2358 presenti
947 2280 1235 2361 potentia
1281 2279 1607 2344 mediante
1637 2282 1699 2342 in
1741 2280 2165 2360 preiudicium
2214 2282 2505 2362 ipsorum
2540 2299 2738 2363 expo-

489 2387 781 2450 nentium
855 2388 1047 2451 valde
1121 2406 1456 2467 magnum.
1537 2387 1751 2469 Super
1827 2406 1959 2468 quo
2036 2397 2323 2451 vestram
2388 2390 2738 2454 amicitiam

487 2495 900 2573 presentibus
965 2496 1246 2576 petimus
1309 2495 1661 2575 diligenter,
1731 2502 2058 2575 quatenus
2113 2504 2408 2559 vestrum
2472 2497 2739 2560 mittatis

489 2604 820 2667 hominem
853 2622 972 2685 pro
1002 2605 1376 2668 testimonio
1422 2604 1848 2686 fidedignum,
1880 2622 2014 2685 quo
2052 2611 2355 2686 presente
2399 2605 2737 2690 Johannes

487 2711 772 2791 Magnus
804 2712 885 2773 de
916 2712 1220 2791 Zombor‚
1252 2713 1356 2774 vel
1399 2712 1765 2776 Damianus
1789 2712 1871 2776 de
1917 2713 2174 2791 eadem,
2215 2719 2330 2775 aut
2375 2712 2739 2776 Damianus

487 2821 567 2882 de
599 2818 936 2895 Balchtha‚
970 2820 1071 2882 sin
1102 2819 1329 2883 Petrus
1361 2819 1500 2882 sive
1531 2819 1844 2883 Nicolaus
1877 2820 1959 2882 de
1989 2820 2293 2898 Zombor‚
2328 2839 2413 2883 an
2446 2821 2737 2884 Jacobus

487 2927 570 2990 de
593 2926 652 2989 N
655 2927 871 3004 owak,
895 2944 1040 2989 cew
1059 2925 1286 2990 Simon
1316 2944 1402 2990 an
1421 2927 1759 2990 Johannes
1790 2927 1873 2991 de
1895 2926 2211 3008 Monaky‚
2234 2945 2375 2991 cew
2396 2928 2740 2991 Ladislaus

488 3034 570 3095 de
618 3033 959 3112 Besenew,
1007 3036 1110 3097 vel
1157 3035 1402 3097 Paulus
1450 3035 1531 3098 de
1578 3034 1867 3098 Chechel
1915 3035 2055 3098 aliis
2101 3036 2486 3099 absentibus
2534 3037 2738 3098 homo

373 3136 378 3141 ’
488 3141 705 3222 regius
751 3141 833 3205 de
881 3142 1059 3205 curia
1105 3143 1280 3222 regia
1325 3160 1441 3222 per
1485 3159 1610 3206 nos
1655 3143 1743 3205 ad
1773 3143 1839 3205 id
1880 3143 2242 3222 specialiter
2286 3143 2736 3221 transmissus,

488 3249 650 3310 scita
697 3250 875 3328 prius
922 3249 1391 3330 premissorum
1437 3250 1704 3313 veritate
1762 3257 1993 3315 evocet
2039 3250 2329 3331 prefatos
2377 3249 2630 3331 Caspar
2675 3256 2738 3312 et

487 3354 814 3418 Thomam
871 3356 1041 3419 filios
1101 3356 1291 3420 Blasii
1340 3357 1422 3420 de
1467 3357 1678 3438 Wpor
1724 3365 1793 3421 et
1835 3358 2120 3421 nobilem
2176 3357 2514 3420 dominam
2562 3356 2736 3420 relic·

486 3474 620 3526 tam
668 3464 966 3527 eiusdem
1013 3462 1205 3527 Blasii
1272 3465 1353 3527 de
1419 3463 1650 3528 eadem
1717 3472 1947 3528 contra
2009 3465 2341 3528 antefatos
2396 3464 2737 3527 dominum

488 3569 844 3651 Georgium
892 3571 1242 3652 despotum
1309 3570 1567 3635 Rwscie
1632 3580 1695 3635 et
1759 3572 1923 3634 alios
1986 3572 2314 3653 predictos
2369 3572 2614 3652 regiam
2673 3572 2737 3634 in

491 3679 882 3758 presentiam
931 3679 1018 3741 ad
1064 3686 1338 3743 octavas
1385 3679 1530 3742 festi
1580 3680 1751 3742 beati
1796 3680 2023 3742 Jacobi
2055 3680 2332 3760 apostoli
2373 3697 2552 3741 nunc
2583 3696 2738 3742 ven-

489 3786 608 3849 turi
650 3785 965 3849 rationem
1017 3786 1099 3849 de
1148 3787 1482 3867 premissis
1535 3787 1838 3849 reddituri
1892 3787 2226 3866 eficacem,
2258 3788 2364 3850 lite
2414 3787 2739 3868 pendente

489 3894 541 3955 si
588 3911 720 3972 qua
772 3892 939 3956 foret
993 3892 1157 3955 inter
1210 3894 1392 3973 ipsos
1448 3910 1583 3956 non
1648 3893 1974 3972 obstante,
2039 3894 2445 3957 insinuantes
2500 3894 2738 3959 ibidem

490 4000 757 4078 eisdem,
790 4008 863 4063 ut
891 4000 1030 4064 sive
1064 4001 1183 4081 ipsi
1228 4001 1501 4063 termino
1534 4001 1594 4062 in
1636 4000 1925 4081 predicto
1958 4010 2381 4083 compareant
2412 4002 2554 4065 sive
2580 4019 2735 4077 non,

490 4125 613 4171 nos
659 4108 745 4170 ad
791 4109 989 4188 partis
1036 4108 1475 4189 comparentis
1520 4106 1893 4170 instantiam
1941 4108 2006 4170 id
2048 4108 2365 4172 faciemus
2412 4127 2617 4174 causa
2672 4111 2736 4171 in

491 4216 830 4295 premissa,
879 4216 1032 4296 quid
1081 4218 1195 4278 iuri
1242 4216 1562 4279 videbitur
1618 4212 1923 4297 expediri.
1991 4216 2077 4280 Et
2121 4224 2272 4296 post
2335 4218 2458 4281 hec
2513 4218 2734 4281 huius-

490 4322 661 4385 modi
723 4322 1172 4402 inquisitioniS,
1238 4323 1644 4387 evocationis
1693 4330 1757 4385 et
1802 4323 2255 4388 insinuationis
2302 4325 2537 4387 seriem
2583 4343 2735 4387 cum

492 4430 864 4493 nominibus
911 4437 1338 4494 evocatorum
1395 4430 1482 4494 ad
1530 4432 1800 4494 easdem
1858 4438 2129 4493 octavas
2183 4432 2376 4495 nobis
2432 4432 2737 4495 amicabi-

489 4538 623 4600 liter
680 4538 1066 4602 rescribatis.
1131 4538 1375 4602 Datum
1437 4540 1500 4602 in
1567 4539 1766 4603 Paeffi
1828 4539 1892 4601 in
1952 4539 2121 4602 festo
2189 4540 2363 4602 beati
2424 4539 2733 4603 Anthonii

2412 4660 2519 4714 11·

2817 3764 2918 3808 1450

2776 3848 2886 3890 aug.
2912 3840 2948 3881 1.
