<?xml version="1.0" encoding="UTF-8"?>
<!DOCTYPE html PUBLIC "-//W3C//DTD XHTML 1.0 Transitional//EN"
    "http://www.w3.org/TR/xhtml1/DTD/xhtml1-transitional.dtd">
<html xmlns="http://www.w3.org/1999/xhtml" xml:lang="en" lang="en">
 <head>
  <title>
</title>
<meta http-equiv="Content-Type" content="text/html;charset=utf-8" />
  <meta name='ocr-system' content='tesseract 3.04.00' />
  <meta name='ocr-capabilities' content='ocr_page ocr_carea ocr_par ocr_line ocrx_word'/>
</head>
<body>
  <div class='ocr_page' id='page_1' title='image "./codexdiplomatic00horvgoog/codexdiplomatic00horvgoog_0289.png"; bbox 0 0 3475 5200; ppageno 0'>
   <div class='ocr_carea' id='block_1_1' title="bbox 1371 399 1760 452">
    <p class='ocr_par' dir='ltr' id='par_1_1' title="bbox 1371 399 1760 452">
     <span class='ocr_line' id='line_1_1' title="bbox 1371 399 1760 452; baseline 0 0"><span class='ocrx_word' id='word_1_1' title='bbox 1371 399 1760 452; x_wconf 80' lang='lat'>—157—</span> 
     </span>
    </p>
   </div>
   <div class='ocr_carea' id='block_1_2' title="bbox 440 615 2722 4670">
    <p class='ocr_par' dir='ltr' id='par_1_2' title="bbox 440 615 2722 4670">
     <span class='ocr_line' id='line_1_2' title="bbox 441 615 2705 701; baseline 0 -22"><span class='ocrx_word' id='word_1_2' title='bbox 441 617 605 693; x_wconf 86' lang='lat' dir='ltr'><strong>Iske,</strong></span> <span class='ocrx_word' id='word_1_3' title='bbox 655 635 821 680; x_wconf 89' lang='lat' dir='ltr'><strong>neve</strong></span> <span class='ocrx_word' id='word_1_4' title='bbox 862 617 1154 679; x_wconf 90' lang='lat' dir='ltr'><strong>Jacobus</strong></span> <span class='ocrx_word' id='word_1_5' title='bbox 1200 619 1280 680; x_wconf 89' lang='lat' dir='ltr'><strong>de</strong></span> <span class='ocrx_word' id='word_1_6' title='bbox 1321 618 1682 700; x_wconf 87' lang='lat' dir='ltr'><strong>Thegenye</strong></span> <span class='ocrx_word' id='word_1_7' title='bbox 1713 615 1811 701; x_wconf 74' lang='grc' dir='ltr'>(Ρ),</span> <span class='ocrx_word' id='word_1_8' title='bbox 1851 638 1936 681; x_wconf 88' lang='lat' dir='ltr'><strong>an</strong></span> <span class='ocrx_word' id='word_1_9' title='bbox 1976 619 2319 682; x_wconf 86' lang='lat' dir='ltr'><strong>Ladislaus</strong></span> <span class='ocrx_word' id='word_1_10' title='bbox 2354 618 2437 680; x_wconf 88' lang='lat' dir='ltr'><strong>de</strong></span> <span class='ocrx_word' id='word_1_11' title='bbox 2484 617 2705 680; x_wconf 87' lang='lat' dir='ltr'><strong>Horka</strong></span> 
     </span>
     <span class='ocr_line' id='line_1_3' title="bbox 440 723 2705 805; baseline 0 -19"><span class='ocrx_word' id='word_1_12' title='bbox 440 741 555 805; x_wconf 91' lang='lat' dir='ltr'><strong>pro</strong></span> <span class='ocrx_word' id='word_1_13' title='bbox 576 731 758 805; x_wconf 83' lang='lat' dir='ltr'><strong>parte</strong></span> <span class='ocrx_word' id='word_1_14' title='bbox 796 723 943 787; x_wconf 90' lang='lat' dir='ltr'><strong>dicti</strong></span> <span class='ocrx_word' id='word_1_15' title='bbox 982 726 1239 803; x_wconf 88' lang='lat' dir='ltr'><strong>actoris,</strong></span> <span class='ocrx_word' id='word_1_16' title='bbox 1281 726 1432 788; x_wconf 89' lang='lat' dir='ltr'><strong>item</strong></span> <span class='ocrx_word' id='word_1_17' title='bbox 1460 726 1797 790; x_wconf 87' lang='lat' dir='ltr'><strong>Johannes</strong></span> <span class='ocrx_word' id='word_1_18' title='bbox 1834 728 1916 790; x_wconf 90' lang='lat' dir='ltr'><strong>de</strong></span> <span class='ocrx_word' id='word_1_19' title='bbox 1948 726 2295 802; x_wconf 78' lang='lat' dir='ltr'><strong>Bon-obas,</strong></span> <span class='ocrx_word' id='word_1_20' title='bbox 2335 726 2437 788; x_wconf 91' lang='lat' dir='ltr'><strong>vel</strong></span> <span class='ocrx_word' id='word_1_21' title='bbox 2475 724 2705 788; x_wconf 87' lang='lat' dir='ltr'><strong>Petrus</strong></span> 
     </span>
     <span class='ocr_line' id='line_1_4' title="bbox 441 831 2704 913; baseline 0 -18"><span class='ocrx_word' id='word_1_22' title='bbox 441 833 521 895; x_wconf 88' lang='lat' dir='ltr'><strong>de</strong></span> <span class='ocrx_word' id='word_1_23' title='bbox 558 831 783 908; x_wconf 87' lang='lat' dir='ltr'><strong>Bulch‚</strong></span> <span class='ocrx_word' id='word_1_24' title='bbox 832 841 947 894; x_wconf 91' lang='lat' dir='ltr'><strong>aut</strong></span> <span class='ocrx_word' id='word_1_25' title='bbox 975 832 1288 895; x_wconf 91' lang='lat' dir='ltr'><strong>Nicolaus</strong></span> <span class='ocrx_word' id='word_1_26' title='bbox 1335 833 1416 896; x_wconf 91' lang='lat' dir='ltr'><strong>de</strong></span> <span class='ocrx_word' id='word_1_27' title='bbox 1463 833 1747 911; x_wconf 83' lang='lat' dir='ltr'>Nomen,</span> <span class='ocrx_word' id='word_1_28' title='bbox 1795 835 1896 896; x_wconf 91' lang='lat' dir='ltr'><strong>sin</strong></span> <span class='ocrx_word' id='word_1_29' title='bbox 1942 834 2240 898; x_wconf 83' lang='lat' dir='ltr'>Thomas</span> <span class='ocrx_word' id='word_1_30' title='bbox 2286 831 2581 913; x_wconf 89' lang='lat' dir='ltr'><strong>Heledey</strong></span> <span class='ocrx_word' id='word_1_31' title='bbox 2622 833 2704 896; x_wconf 90' lang='lat' dir='ltr'><strong>de</strong></span> 
     </span>
     <span class='ocr_line' id='line_1_5' title="bbox 445 939 2703 1022; baseline 0 -20"><span class='ocrx_word' id='word_1_32' title='bbox 445 940 841 1018; x_wconf 85' lang='lat' dir='ltr'><strong>Kerezthwr,</strong></span> <span class='ocrx_word' id='word_1_33' title='bbox 891 939 1203 1003; x_wconf 90' lang='lat' dir='ltr'><strong>Nicolaus</strong></span> <span class='ocrx_word' id='word_1_34' title='bbox 1246 940 1329 1003; x_wconf 88' lang='lat' dir='ltr'><strong>de</strong></span> <span class='ocrx_word' id='word_1_35' title='bbox 1367 940 1648 1022; x_wconf 86' lang='lat' dir='ltr'><strong>Nykola,</strong></span> <span class='ocrx_word' id='word_1_36' title='bbox 1687 943 1790 1004; x_wconf 87' lang='lat' dir='ltr'><strong>sin</strong></span> <span class='ocrx_word' id='word_1_37' title='bbox 1832 941 2120 1004; x_wconf 89' lang='lat' dir='ltr'><strong>Briccius</strong></span> <span class='ocrx_word' id='word_1_38' title='bbox 2167 939 2247 1003; x_wconf 87' lang='lat' dir='ltr'><strong>de</strong></span> <span class='ocrx_word' id='word_1_39' title='bbox 2294 940 2548 1003; x_wconf 89' lang='lat' dir='ltr'><strong>Darocz</strong></span> <span class='ocrx_word' id='word_1_40' title='bbox 2585 957 2703 1021; x_wconf 91' lang='lat' dir='ltr'><strong>pro</strong></span> 
     </span>
     <span class='ocr_line' id='line_1_6' title="bbox 442 1046 2704 1129; baseline -0.001 -19"><span class='ocrx_word' id='word_1_41' title='bbox 442 1056 621 1128; x_wconf 89' lang='lat' dir='ltr'><strong>parte</strong></span> <span class='ocrx_word' id='word_1_42' title='bbox 653 1047 803 1110; x_wconf 91' lang='lat' dir='ltr'><strong>dicti</strong></span> <span class='ocrx_word' id='word_1_43' title='bbox 850 1047 916 1108; x_wconf 91' lang='lat' dir='ltr'><strong>in</strong></span> <span class='ocrx_word' id='word_1_44' title='bbox 964 1065 1237 1110; x_wconf 89' lang='lat' dir='ltr'><strong>causam</strong></span> <span class='ocrx_word' id='word_1_45' title='bbox 1282 1049 1553 1127; x_wconf 83' lang='lat' dir='ltr'><strong>attracti,</strong></span> <span class='ocrx_word' id='word_1_46' title='bbox 1596 1049 1737 1110; x_wconf 84' lang='lat' dir='ltr'><strong>aliis</strong></span> <span class='ocrx_word' id='word_1_47' title='bbox 1778 1048 2162 1112; x_wconf 82' lang='lat' dir='ltr'><strong>absentibus</strong></span> <span class='ocrx_word' id='word_1_48' title='bbox 2207 1047 2511 1111; x_wconf 87' lang='lat' dir='ltr'><strong>homines</strong></span> <span class='ocrx_word' id='word_1_49' title='bbox 2549 1046 2704 1129; x_wconf 87' lang='lat' dir='ltr'><strong>regii</strong></span> 
     </span>
     <span class='ocr_line' id='line_1_7' title="bbox 442 1154 2722 1236; baseline 0 -18"><span class='ocrx_word' id='word_1_50' title='bbox 442 1155 759 1236; x_wconf 88' lang='lat' dir='ltr'><strong>vigesimo</strong></span> <span class='ocrx_word' id='word_1_51' title='bbox 806 1155 906 1216; x_wconf 87' lang='lat' dir='ltr'><strong>die</strong></span> <span class='ocrx_word' id='word_1_52' title='bbox 954 1154 1102 1217; x_wconf 87' lang='lat' dir='ltr'><strong>festi</strong></span> <span class='ocrx_word' id='word_1_53' title='bbox 1148 1155 1319 1218; x_wconf 87' lang='lat' dir='ltr'><strong>beati</strong></span> <span class='ocrx_word' id='word_1_54' title='bbox 1364 1155 1593 1218; x_wconf 88' lang='lat' dir='ltr'><strong>Jacobi</strong></span> <span class='ocrx_word' id='word_1_55' title='bbox 1648 1156 1949 1236; x_wconf 89' lang='lat' dir='ltr'><strong>apostoli,</strong></span> <span class='ocrx_word' id='word_1_56' title='bbox 1995 1157 2060 1218; x_wconf 90' lang='lat' dir='ltr'><strong>in</strong></span> <span class='ocrx_word' id='word_1_57' title='bbox 2108 1155 2306 1235; x_wconf 90' lang='lat' dir='ltr'><strong>opido</strong></span> <span class='ocrx_word' id='word_1_58' title='bbox 2362 1154 2516 1232; x_wconf 90' lang='lat' dir='ltr'><strong>Zaz,</strong></span> <span class='ocrx_word' id='word_1_59' title='bbox 2555 1157 2722 1218; x_wconf 58' lang='lat' dir='ltr'><strong>loco‘</strong></span> 
     </span>
     <span class='ocr_line' id='line_1_8' title="bbox 443 1257 2701 1343; baseline -0.002 -17"><span class='ocrx_word' id='word_1_60' title='bbox 443 1264 683 1327; x_wconf 71' lang='lat' dir='ltr'><strong>scincet</strong></span> <span class='ocrx_word' id='word_1_61' title='bbox 749 1263 924 1325; x_wconf 89' lang='lat' dir='ltr'><strong>sedis</strong></span> <span class='ocrx_word' id='word_1_62' title='bbox 989 1261 1316 1325; x_wconf 91' lang='lat' dir='ltr'><strong>iudiciarie</strong></span> <span class='ocrx_word' id='word_1_63' title='bbox 1380 1263 1675 1326; x_wconf 87' lang='lat' dir='ltr'><strong>eiusdem</strong></span> <span class='ocrx_word' id='word_1_64' title='bbox 1746 1264 2098 1326; x_wconf 87' lang='lat' dir='ltr'><strong>comitatus</strong></span> <span class='ocrx_word' id='word_1_65' title='bbox 2157 1263 2238 1325; x_wconf 92' lang='lat' dir='ltr'><strong>de</strong></span> <span class='ocrx_word' id='word_1_66' title='bbox 2293 1262 2523 1343; x_wconf 87' lang='lat' dir='ltr'><strong>Bereg,</strong></span> <span class='ocrx_word' id='word_1_67' title='bbox 2589 1257 2701 1325; x_wconf 89' lang='lat' dir='ltr'><strong>ubi</strong></span> 
     </span>
     <span class='ocr_line' id='line_1_9' title="bbox 441 1370 2701 1452; baseline -0.001 -18"><span class='ocrx_word' id='word_1_68' title='bbox 441 1378 893 1452; x_wconf 83' lang='lat' dir='ltr'><strong>procuratores</strong></span> <span class='ocrx_word' id='word_1_69' title='bbox 931 1371 1210 1450; x_wconf 90' lang='lat' dir='ltr'><strong>partium</strong></span> <span class='ocrx_word' id='word_1_70' title='bbox 1249 1370 1460 1450; x_wconf 86' lang='lat' dir='ltr'><strong>ipsam</strong></span> <span class='ocrx_word' id='word_1_71' title='bbox 1500 1388 1922 1433; x_wconf 90' lang='lat' dir='ltr'><strong>communem</strong></span> <span class='ocrx_word' id='word_1_72' title='bbox 1962 1370 2445 1450; x_wconf 86' lang='lat' dir='ltr'><strong>inquisitionem</strong></span> <span class='ocrx_word' id='word_1_73' title='bbox 2485 1371 2701 1433; x_wconf 86' lang='lat' dir='ltr'><strong>facere</strong></span> 
     </span>
     <span class='ocr_line' id='line_1_10' title="bbox 441 1477 2699 1558; baseline -0.001 -17"><span class='ocrx_word' id='word_1_74' title='bbox 441 1477 778 1554; x_wconf 89' lang='lat' dir='ltr'><strong>voluerint,</strong></span> <span class='ocrx_word' id='word_1_75' title='bbox 843 1477 1072 1539; x_wconf 89' lang='lat' dir='ltr'><strong>vicinis</strong></span> <span class='ocrx_word' id='word_1_76' title='bbox 1133 1485 1195 1539; x_wconf 92' lang='lat' dir='ltr'><strong>et</strong></span> <span class='ocrx_word' id='word_1_77' title='bbox 1252 1477 1720 1541; x_wconf 88' lang='lat' dir='ltr'><strong>commetaneis</strong></span> <span class='ocrx_word' id='word_1_78' title='bbox 1770 1478 2127 1540; x_wconf 89' lang='lat' dir='ltr'><strong>earundem</strong></span> <span class='ocrx_word' id='word_1_79' title='bbox 2176 1478 2699 1558; x_wconf 88' lang='lat' dir='ltr'><strong>possessionum,</strong></span> 
     </span>
     <span class='ocr_line' id='line_1_11' title="bbox 441 1585 2699 1665; baseline -0 -17"><span class='ocrx_word' id='word_1_80' title='bbox 441 1586 881 1664; x_wconf 89' lang='lat' dir='ltr'><strong>nobiliumque</strong></span> <span class='ocrx_word' id='word_1_81' title='bbox 967 1586 1588 1665; x_wconf 88' lang='lat' dir='ltr'><strong>conprovincialium</strong></span> <span class='ocrx_word' id='word_1_82' title='bbox 1672 1585 1993 1648; x_wconf 87' lang='lat' dir='ltr'><strong>dictorum</strong></span> <span class='ocrx_word' id='word_1_83' title='bbox 2081 1586 2427 1652; x_wconf 87' lang='lat' dir='ltr'><strong>amborum</strong></span> <span class='ocrx_word' id='word_1_84' title='bbox 2503 1586 2699 1648; x_wconf 90' lang='lat' dir='ltr'><strong>comi-</strong></span> 
     </span>
     <span class='ocr_line' id='line_1_12' title="bbox 442 1692 2700 1784; baseline 0 -29"><span class='ocrx_word' id='word_1_85' title='bbox 442 1698 695 1755; x_wconf 82' lang='lat' dir='ltr'><strong>tatuum</strong></span> <span class='ocrx_word' id='word_1_86' title='bbox 742 1692 1064 1784; x_wconf 85' lang='lat' dir='ltr'><strong>universis</strong></span> <span class='ocrx_word' id='word_1_87' title='bbox 1110 1692 1264 1754; x_wconf 90' lang='lat' dir='ltr'><strong>inibi</strong></span> <span class='ocrx_word' id='word_1_88' title='bbox 1308 1692 1616 1772; x_wconf 87' lang='lat' dir='ltr'><strong>legittime</strong></span> <span class='ocrx_word' id='word_1_89' title='bbox 1668 1693 2052 1755; x_wconf 90' lang='lat' dir='ltr'><strong>convocatis</strong></span> <span class='ocrx_word' id='word_1_90' title='bbox 2100 1699 2165 1755; x_wconf 92' lang='lat' dir='ltr'><strong>et</strong></span> <span class='ocrx_word' id='word_1_91' title='bbox 2209 1694 2504 1773; x_wconf 87' lang='lat' dir='ltr'><strong>partibus</strong></span> <span class='ocrx_word' id='word_1_92' title='bbox 2560 1711 2700 1774; x_wconf 90' lang='lat' dir='ltr'><strong>pre-</strong></span> 
     </span>
     <span class='ocr_line' id='line_1_13' title="bbox 442 1793 2699 1880; baseline 0 -17"><span class='ocrx_word' id='word_1_93' title='bbox 442 1801 626 1863; x_wconf 88' lang='lat' dir='ltr'><strong>dictis</strong></span> <span class='ocrx_word' id='word_1_94' title='bbox 696 1800 802 1862; x_wconf 89' lang='lat' dir='ltr'><strong>vel</strong></span> <span class='ocrx_word' id='word_1_95' title='bbox 876 1817 1104 1862; x_wconf 87' lang='lat' dir='ltr'><strong>eorum</strong></span> <span class='ocrx_word' id='word_1_96' title='bbox 1179 1793 1255 1879; x_wconf 75' lang='grc' dir='ltr'><strong>(Ρ)</strong></span> <span class='ocrx_word' id='word_1_97' title='bbox 1311 1800 1636 1879; x_wconf 87' lang='lat' dir='ltr'><strong>legittimis</strong></span> <span class='ocrx_word' id='word_1_98' title='bbox 1691 1800 2222 1880; x_wconf 87' lang='lat' dir='ltr'><strong>procuratoribus</strong></span> <span class='ocrx_word' id='word_1_99' title='bbox 2287 1801 2699 1880; x_wconf 87' lang='lat' dir='ltr'><strong>presentibus</strong></span> 
     </span>
     <span class='ocr_line' id='line_1_14' title="bbox 441 1907 2695 1987; baseline -0 -16"><span class='ocrx_word' id='word_1_100' title='bbox 441 1909 849 1984; x_wconf 88' lang='lat' dir='ltr'><strong>accedentes,</strong></span> <span class='ocrx_word' id='word_1_101' title='bbox 888 1907 1096 1987; x_wconf 90' lang='lat' dir='ltr'><strong>primo</strong></span> <span class='ocrx_word' id='word_1_102' title='bbox 1134 1909 1218 1970; x_wconf 89' lang='lat' dir='ltr'><strong>ab</strong></span> <span class='ocrx_word' id='word_1_103' title='bbox 1257 1907 1504 1970; x_wconf 88' lang='lat' dir='ltr'><strong>eisdem</strong></span> <span class='ocrx_word' id='word_1_104' title='bbox 1543 1907 1773 1969; x_wconf 89' lang='lat' dir='ltr'><strong>vicinis</strong></span> <span class='ocrx_word' id='word_1_105' title='bbox 1811 1915 1875 1969; x_wconf 90' lang='lat' dir='ltr'><strong>et</strong></span> <span class='ocrx_word' id='word_1_106' title='bbox 1914 1909 2404 1985; x_wconf 89' lang='lat' dir='ltr'><strong>commetaneis,</strong></span> <span class='ocrx_word' id='word_1_107' title='bbox 2427 1907 2695 1970; x_wconf 89' lang='lat' dir='ltr'><strong>demum</strong></span> 
     </span>
     <span class='ocr_line' id='line_1_15' title="bbox 440 2014 2697 2097; baseline 0 -21"><span class='ocrx_word' id='word_1_108' title='bbox 440 2032 594 2078; x_wconf 89' lang='lat' dir='ltr'><strong>vero</strong></span> <span class='ocrx_word' id='word_1_109' title='bbox 652 2033 694 2076; x_wconf 88' lang='lat' dir='ltr'><strong>a</strong></span> <span class='ocrx_word' id='word_1_110' title='bbox 751 2015 1077 2077; x_wconf 91' lang='lat' dir='ltr'><strong>nobilibus</strong></span> <span class='ocrx_word' id='word_1_111' title='bbox 1144 2014 1802 2095; x_wconf 86' lang='lat' dir='ltr'><strong>comprovincialibus</strong></span> <span class='ocrx_word' id='word_1_112' title='bbox 1859 2033 1973 2095; x_wconf 91' lang='lat' dir='ltr'><strong>per</strong></span> <span class='ocrx_word' id='word_1_113' title='bbox 2029 2016 2206 2095; x_wconf 90' lang='lat' dir='ltr'><strong>ipsas</strong></span> <span class='ocrx_word' id='word_1_114' title='bbox 2273 2023 2490 2097; x_wconf 89' lang='lat' dir='ltr'><strong>partes</strong></span> <span class='ocrx_word' id='word_1_115' title='bbox 2551 2016 2697 2077; x_wconf 90' lang='lat' dir='ltr'><strong>illuc</strong></span> 
     </span>
     <span class='ocr_line' id='line_1_16' title="bbox 440 2121 2693 2201; baseline 0 -17"><span class='ocrx_word' id='word_1_116' title='bbox 440 2121 883 2185; x_wconf 86' lang='lat' dir='ltr'><strong>convocandis</strong></span> <span class='ocrx_word' id='word_1_117' title='bbox 929 2130 994 2184; x_wconf 88' lang='lat' dir='ltr'><strong>et</strong></span> <span class='ocrx_word' id='word_1_118' title='bbox 1040 2122 1519 2201; x_wconf 85' lang='lat' dir='ltr'><strong>congredandis</strong></span> <span class='ocrx_word' id='word_1_119' title='bbox 1565 2122 1649 2183; x_wconf 91' lang='lat' dir='ltr'><strong>ad</strong></span> <span class='ocrx_word' id='word_1_120' title='bbox 1696 2123 1895 2184; x_wconf 85' lang='lat' dir='ltr'><strong>fidem</strong></span> <span class='ocrx_word' id='word_1_121' title='bbox 1953 2140 2181 2185; x_wconf 88' lang='lat' dir='ltr'><strong>eorum</strong></span> <span class='ocrx_word' id='word_1_122' title='bbox 2229 2122 2356 2185; x_wconf 91' lang='lat' dir='ltr'><strong>deo</strong></span> <span class='ocrx_word' id='word_1_123' title='bbox 2405 2123 2693 2185; x_wconf 87' lang='lat' dir='ltr'><strong>debitam</strong></span> 
     </span>
     <span class='ocr_line' id='line_1_17' title="bbox 443 2229 2697 2310; baseline -0 -19"><span class='ocrx_word' id='word_1_124' title='bbox 443 2230 945 2310; x_wconf 86' lang='lat' dir='ltr'><strong>fidelitatemque</strong></span> <span class='ocrx_word' id='word_1_125' title='bbox 992 2247 1177 2291; x_wconf 90' lang='lat' dir='ltr'><strong>sacre</strong></span> <span class='ocrx_word' id='word_1_126' title='bbox 1226 2246 1465 2291; x_wconf 87' lang='lat' dir='ltr'><strong>corone</strong></span> <span class='ocrx_word' id='word_1_127' title='bbox 1514 2230 1689 2310; x_wconf 87' lang='lat' dir='ltr'><strong>regie</strong></span> <span class='ocrx_word' id='word_1_128' title='bbox 1735 2230 2217 2292; x_wconf 85' lang='lat' dir='ltr'><strong>observandam</strong></span> <span class='ocrx_word' id='word_1_129' title='bbox 2266 2230 2441 2293; x_wconf 87' lang='lat' dir='ltr'><strong>facto</strong></span> <span class='ocrx_word' id='word_1_130' title='bbox 2488 2229 2697 2293; x_wconf 91' lang='lat' dir='ltr'><strong>domi-</strong></span> 
     </span>
     <span class='ocr_line' id='line_1_18' title="bbox 442 2336 2695 2417; baseline 0 -19"><span class='ocrx_word' id='word_1_131' title='bbox 442 2337 580 2399; x_wconf 89' lang='lat' dir='ltr'><strong>nice</strong></span> <span class='ocrx_word' id='word_1_132' title='bbox 627 2338 840 2400; x_wconf 89' lang='lat' dir='ltr'><strong>crucis</strong></span> <span class='ocrx_word' id='word_1_133' title='bbox 884 2337 1060 2417; x_wconf 88' lang='lat' dir='ltr'><strong>ligno</strong></span> <span class='ocrx_word' id='word_1_134' title='bbox 1117 2337 1470 2416; x_wconf 89' lang='lat' dir='ltr'><strong>prestitam,</strong></span> <span class='ocrx_word' id='word_1_135' title='bbox 1534 2336 1705 2414; x_wconf 90' lang='lat' dir='ltr'><strong>odio,</strong></span> <span class='ocrx_word' id='word_1_136' title='bbox 1755 2338 1978 2399; x_wconf 85' lang='lat' dir='ltr'><strong>favore</strong></span> <span class='ocrx_word' id='word_1_137' title='bbox 2025 2345 2089 2400; x_wconf 90' lang='lat' dir='ltr'><strong>et</strong></span> <span class='ocrx_word' id='word_1_138' title='bbox 2134 2355 2358 2400; x_wconf 89' lang='lat' dir='ltr'><strong>amore</strong></span> <span class='ocrx_word' id='word_1_139' title='bbox 2418 2338 2695 2417; x_wconf 84' lang='lat' dir='ltr'><strong>partium</strong></span> 
     </span>
     <span class='ocr_line' id='line_1_19' title="bbox 441 2444 2697 2525; baseline 0 -19"><span class='ocrx_word' id='word_1_140' title='bbox 441 2445 829 2524; x_wconf 86' lang='lat' dir='ltr'><strong>postergatis</strong></span> <span class='ocrx_word' id='word_1_141' title='bbox 860 2445 1110 2524; x_wconf 89' lang='lat' dir='ltr'><strong>absque</strong></span> <span class='ocrx_word' id='word_1_142' title='bbox 1142 2446 1452 2525; x_wconf 90' lang='lat' dir='ltr'><strong>scrupulo</strong></span> <span class='ocrx_word' id='word_1_143' title='bbox 1498 2444 1837 2506; x_wconf 87' lang='lat' dir='ltr'><strong>cuiuslibet</strong></span> <span class='ocrx_word' id='word_1_144' title='bbox 1868 2445 2166 2507; x_wconf 87' lang='lat' dir='ltr'><strong>falsitatis</strong></span> <span class='ocrx_word' id='word_1_145' title='bbox 2198 2444 2410 2507; x_wconf 89' lang='lat' dir='ltr'><strong>Deum</strong></span> <span class='ocrx_word' id='word_1_146' title='bbox 2444 2446 2697 2507; x_wconf 89' lang='lat' dir='ltr'><strong>habens</strong></span> 
     </span>
     <span class='ocr_line' id='line_1_20' title="bbox 445 2551 2694 2634; baseline 0 -20"><span class='ocrx_word' id='word_1_147' title='bbox 445 2570 555 2633; x_wconf 92' lang='lat' dir='ltr'><strong>pre</strong></span> <span class='ocrx_word' id='word_1_148' title='bbox 605 2552 813 2616; x_wconf 91' lang='lat' dir='ltr'><strong>oculis</strong></span> <span class='ocrx_word' id='word_1_149' title='bbox 863 2598 1128 2617; x_wconf 91' lang='grc'><strong>.....</strong></span> <span class='ocrx_word' id='word_1_150' title='bbox 1173 2553 1667 2634; x_wconf 88' lang='lat' dir='ltr'><strong>prenominatus</strong></span> <span class='ocrx_word' id='word_1_151' title='bbox 1714 2551 2052 2616; x_wconf 88' lang='lat' dir='ltr'><strong>Johannes</strong></span> <span class='ocrx_word' id='word_1_152' title='bbox 2099 2553 2180 2616; x_wconf 89' lang='lat' dir='ltr'><strong>de</strong></span> <span class='ocrx_word' id='word_1_153' title='bbox 2231 2551 2486 2616; x_wconf 86' lang='lat' dir='ltr'><strong>Chahol</strong></span> <span class='ocrx_word' id='word_1_154' title='bbox 2534 2570 2694 2615; x_wconf 88' lang='lat' dir='ltr'><strong>una·</strong></span> 
     </span>
     <span class='ocr_line' id='line_1_21' title="bbox 444 2659 2699 2741; baseline 0.001 -20"><span class='ocrx_word' id='word_1_155' title='bbox 444 2677 592 2721; x_wconf 92' lang='lat' dir='ltr'><strong>cum</strong></span> <span class='ocrx_word' id='word_1_156' title='bbox 641 2662 781 2722; x_wconf 89' lang='lat' dir='ltr'><strong>aliis</strong></span> <span class='ocrx_word' id='word_1_157' title='bbox 827 2660 1249 2723; x_wconf 88' lang='lat' dir='ltr'><strong>familiaribus</strong></span> <span class='ocrx_word' id='word_1_158' title='bbox 1296 2660 1444 2723; x_wconf 89' lang='lat' dir='ltr'><strong>dicti</strong></span> <span class='ocrx_word' id='word_1_159' title='bbox 1493 2659 1737 2722; x_wconf 90' lang='lat' dir='ltr'><strong>domini</strong></span> <span class='ocrx_word' id='word_1_160' title='bbox 1796 2660 2049 2739; x_wconf 90' lang='lat' dir='ltr'><strong>despoti</strong></span> <span class='ocrx_word' id='word_1_161' title='bbox 2108 2669 2400 2741; x_wconf 89' lang='lat' dir='ltr'><strong>tempore</strong></span> <span class='ocrx_word' id='word_1_162' title='bbox 2448 2661 2512 2723; x_wconf 91' lang='lat' dir='ltr'><strong>in</strong></span> <span class='ocrx_word' id='word_1_163' title='bbox 2560 2679 2699 2741; x_wconf 89' lang='lat' dir='ltr'><strong>pre-</strong></span> 
     </span>
     <span class='ocr_line' id='line_1_22' title="bbox 444 2768 2701 2847; baseline 0 -17"><span class='ocrx_word' id='word_1_164' title='bbox 444 2769 614 2830; x_wconf 89' lang='lat' dir='ltr'><strong>dicto</strong></span> <span class='ocrx_word' id='word_1_165' title='bbox 672 2786 755 2830; x_wconf 87' lang='lat' dir='ltr'><strong>ex</strong></span> <span class='ocrx_word' id='word_1_166' title='bbox 821 2768 1284 2830; x_wconf 88' lang='lat' dir='ltr'><strong>commissione</strong></span> <span class='ocrx_word' id='word_1_167' title='bbox 1350 2768 1644 2830; x_wconf 90' lang='lat' dir='ltr'><strong>eiusdem</strong></span> <span class='ocrx_word' id='word_1_168' title='bbox 1712 2768 1958 2829; x_wconf 89' lang='lat' dir='ltr'><strong>domini</strong></span> <span class='ocrx_word' id='word_1_169' title='bbox 2025 2768 2279 2847; x_wconf 91' lang='lat' dir='ltr'><strong>despoti</strong></span> <span class='ocrx_word' id='word_1_170' title='bbox 2344 2769 2429 2830; x_wconf 88' lang='lat' dir='ltr'><strong>ad</strong></span> <span class='ocrx_word' id='word_1_171' title='bbox 2496 2769 2701 2832; x_wconf 91' lang='lat' dir='ltr'><strong>dictas</strong></span> 
     </span>
     <span class='ocr_line' id='line_1_23' title="bbox 441 2873 2698 2956; baseline 0 -19"><span class='ocrx_word' id='word_1_172' title='bbox 441 2875 897 2955; x_wconf 90' lang='lat' dir='ltr'><strong>possessiones</strong></span> <span class='ocrx_word' id='word_1_173' title='bbox 965 2875 1283 2955; x_wconf 88' lang='lat' dir='ltr'><strong>prenotati</strong></span> <span class='ocrx_word' id='word_1_174' title='bbox 1350 2873 1663 2955; x_wconf 86' lang='lat' dir='ltr'><strong>Symonis</strong></span> <span class='ocrx_word' id='word_1_175' title='bbox 1729 2874 1927 2952; x_wconf 91' lang='lat' dir='ltr'><strong>Ordo,</strong></span> <span class='ocrx_word' id='word_1_176' title='bbox 1997 2875 2273 2951; x_wconf 87' lang='lat' dir='ltr'><strong>Derzen,</strong></span> <span class='ocrx_word' id='word_1_177' title='bbox 2338 2876 2698 2956; x_wconf 82' lang='lat' dir='ltr'><strong>Zerednye,</strong></span> 
     </span>
     <span class='ocr_line' id='line_1_24' title="bbox 443 2981 2699 3062; baseline -0 -17"><span class='ocrx_word' id='word_1_178' title='bbox 443 2984 695 3062; x_wconf 89' lang='lat' dir='ltr'><strong>Ignecz,</strong></span> <span class='ocrx_word' id='word_1_179' title='bbox 765 2982 1176 3061; x_wconf 88' lang='lat' dir='ltr'><strong>Chamonya,</strong></span> <span class='ocrx_word' id='word_1_180' title='bbox 1247 2982 1577 3057; x_wconf 85' lang='lat' dir='ltr'><strong>Dobroka,</strong></span> <span class='ocrx_word' id='word_1_181' title='bbox 1664 2981 1994 3061; x_wconf 83' lang='lat' dir='ltr'><strong>Orlyowa,</strong></span> <span class='ocrx_word' id='word_1_182' title='bbox 2062 2981 2346 3061; x_wconf 90' lang='lat' dir='ltr'><strong>Hodlyo,</strong></span> <span class='ocrx_word' id='word_1_183' title='bbox 2423 2983 2699 3062; x_wconf 86' lang='lat' dir='ltr'><strong>Monyo-</strong></span> 
     </span>
     <span class='ocr_line' id='line_1_25' title="bbox 444 3089 2700 3169; baseline 0 -17"><span class='ocrx_word' id='word_1_184' title='bbox 444 3109 570 3167; x_wconf 66' lang='grc' dir='ltr'><strong>τος,</strong></span> <span class='ocrx_word' id='word_1_185' title='bbox 620 3098 684 3152; x_wconf 91' lang='lat' dir='ltr'><strong>et</strong></span> <span class='ocrx_word' id='word_1_186' title='bbox 733 3089 1218 3169; x_wconf 85' lang='lat' dir='ltr'><strong>Lengyelfalwa</strong></span> <span class='ocrx_word' id='word_1_187' title='bbox 1264 3097 1538 3151; x_wconf 89' lang='lat' dir='ltr'><strong>vocatas</strong></span> <span class='ocrx_word' id='word_1_188' title='bbox 1602 3090 1868 3164; x_wconf 89' lang='lat' dir='ltr'><strong>irruerit,</strong></span> <span class='ocrx_word' id='word_1_189' title='bbox 1934 3089 2302 3169; x_wconf 90' lang='lat' dir='ltr'><strong>abindeque</strong></span> <span class='ocrx_word' id='word_1_190' title='bbox 2361 3091 2700 3152; x_wconf 89' lang='lat' dir='ltr'><strong>universas</strong></span> 
     </span>
     <span class='ocr_line' id='line_1_26' title="bbox 444 3192 2698 3278; baseline 0 -19"><span class='ocrx_word' id='word_1_191' title='bbox 444 3197 731 3278; x_wconf 89' lang='lat' dir='ltr'><strong>pecudes</strong></span> <span class='ocrx_word' id='word_1_192' title='bbox 805 3205 867 3259; x_wconf 91' lang='lat' dir='ltr'><strong>et</strong></span> <span class='ocrx_word' id='word_1_193' title='bbox 924 3192 1163 3276; x_wconf 82' lang='lat' dir='ltr'><strong>pec&#39;ora</strong></span> <span class='ocrx_word' id='word_1_194' title='bbox 1235 3214 1314 3258; x_wconf 86' lang='lat' dir='ltr'><strong>ac</strong></span> <span class='ocrx_word' id='word_1_195' title='bbox 1379 3197 1503 3258; x_wconf 89' lang='lat' dir='ltr'><strong>alia</strong></span> <span class='ocrx_word' id='word_1_196' title='bbox 1579 3197 1809 3276; x_wconf 88' lang='lat' dir='ltr'><strong>quevis</strong></span> <span class='ocrx_word' id='word_1_197' title='bbox 1891 3197 2194 3258; x_wconf 86' lang='lat' dir='ltr'><strong>animalia</strong></span> <span class='ocrx_word' id='word_1_198' title='bbox 2276 3197 2698 3276; x_wconf 84' lang='lat' dir='ltr'><strong>iobagionum</strong></span> 
     </span>
     <span class='ocr_line' id='line_1_27' title="bbox 447 3303 2701 3382; baseline -0.001 -15"><span class='ocrx_word' id='word_1_199' title='bbox 447 3306 593 3367; x_wconf 91' lang='lat' dir='ltr'><strong>dicti</strong></span> <span class='ocrx_word' id='word_1_200' title='bbox 672 3303 986 3382; x_wconf 90' lang='lat' dir='ltr'><strong>Symonis</strong></span> <span class='ocrx_word' id='word_1_201' title='bbox 1064 3304 1412 3366; x_wconf 89' lang='lat' dir='ltr'><strong>simulcum</strong></span> <span class='ocrx_word' id='word_1_202' title='bbox 1492 3304 1801 3365; x_wconf 90' lang='lat' dir='ltr'><strong>omnibus</strong></span> <span class='ocrx_word' id='word_1_203' title='bbox 1880 3305 2020 3366; x_wconf 91' lang='lat' dir='ltr'><strong>aliis</strong></span> <span class='ocrx_word' id='word_1_204' title='bbox 2096 3304 2286 3366; x_wconf 91' lang='lat' dir='ltr'><strong>bonis</strong></span> <span class='ocrx_word' id='word_1_205' title='bbox 2364 3311 2426 3366; x_wconf 91' lang='lat' dir='ltr'><strong>et</strong></span> <span class='ocrx_word' id='word_1_206' title='bbox 2504 3305 2701 3366; x_wconf 89' lang='lat' dir='ltr'><strong>rebus</strong></span> 
     </span>
     <span class='ocr_line' id='line_1_28' title="bbox 446 3411 2698 3492; baseline -0.001 -17"><span class='ocrx_word' id='word_1_207' title='bbox 446 3412 801 3476; x_wconf 82' lang='lat' dir='ltr'><strong>eorundem</strong></span> <span class='ocrx_word' id='word_1_208' title='bbox 867 3411 1290 3492; x_wconf 89' lang='lat' dir='ltr'><strong>iobagionum</strong></span> <span class='ocrx_word' id='word_1_209' title='bbox 1347 3412 1410 3473; x_wconf 90' lang='lat' dir='ltr'><strong>in</strong></span> <span class='ocrx_word' id='word_1_210' title='bbox 1469 3412 1776 3474; x_wconf 90' lang='lat' dir='ltr'><strong>domibus</strong></span> <span class='ocrx_word' id='word_1_211' title='bbox 1824 3411 2113 3491; x_wconf 89' lang='lat' dir='ltr'><strong>ipsorum</strong></span> <span class='ocrx_word' id='word_1_212' title='bbox 2184 3411 2453 3491; x_wconf 89' lang='lat' dir='ltr'><strong>repertis</strong></span> <span class='ocrx_word' id='word_1_213' title='bbox 2500 3419 2563 3472; x_wconf 90' lang='lat' dir='ltr'><strong>et</strong></span> <span class='ocrx_word' id='word_1_214' title='bbox 2610 3412 2698 3472; x_wconf 91' lang='lat' dir='ltr'><strong>in-</strong></span> 
     </span>
     <span class='ocr_line' id='line_1_29' title="bbox 441 3518 2699 3597; baseline -0.001 -14"><span class='ocrx_word' id='word_1_215' title='bbox 441 3521 653 3583; x_wconf 84' lang='lat' dir='ltr'><strong>·ventis</strong></span> <span class='ocrx_word' id='word_1_216' title='bbox 657 3564 1247 3596; x_wconf 92' lang='grc'><strong>..........</strong></span> <span class='ocrx_word' id='word_1_217' title='bbox 1298 3518 1530 3580; x_wconf 85' lang='lat' dir='ltr'><strong>auferri</strong></span> <span class='ocrx_word' id='word_1_218' title='bbox 1601 3526 1664 3580; x_wconf 91' lang='lat' dir='ltr'><strong>et</strong></span> <span class='ocrx_word' id='word_1_219' title='bbox 1716 3520 1968 3597; x_wconf 90' lang='lat' dir='ltr'><strong>depelli,</strong></span> <span class='ocrx_word' id='word_1_220' title='bbox 2028 3526 2090 3581; x_wconf 89' lang='lat' dir='ltr'><strong>et</strong></span> <span class='ocrx_word' id='word_1_221' title='bbox 2163 3518 2343 3597; x_wconf 89' lang='lat' dir='ltr'><strong>quod</strong></span> <span class='ocrx_word' id='word_1_222' title='bbox 2418 3519 2699 3581; x_wconf 90' lang='lat' dir='ltr'><strong>deterius</strong></span> 
     </span>
     <span class='ocr_line' id='line_1_30' title="bbox 448 3625 2700 3706; baseline -0.001 -16"><span class='ocrx_word' id='word_1_223' title='bbox 448 3634 639 3703; x_wconf 90' lang='lat' dir='ltr'><strong>esset,</strong></span> <span class='ocrx_word' id='word_1_224' title='bbox 670 3631 819 3706; x_wconf 89' lang='lat' dir='ltr'><strong>post</strong></span> <span class='ocrx_word' id='word_1_225' title='bbox 850 3625 1380 3706; x_wconf 89' lang='lat' dir='ltr'><strong>depredationem</strong></span> <span class='ocrx_word' id='word_1_226' title='bbox 1413 3634 1476 3688; x_wconf 91' lang='lat' dir='ltr'><strong>et</strong></span> <span class='ocrx_word' id='word_1_227' title='bbox 1507 3626 1900 3688; x_wconf 87' lang='lat' dir='ltr'><strong>ablationem</strong></span> <span class='ocrx_word' id='word_1_228' title='bbox 1946 3627 2269 3688; x_wconf 88' lang='lat' dir='ltr'><strong>bonorum</strong></span> <span class='ocrx_word' id='word_1_229' title='bbox 2304 3627 2700 3706; x_wconf 91' lang='lat' dir='ltr'><strong>populorum</strong></span> 
     </span>
     <span class='ocr_line' id='line_1_31' title="bbox 448 3731 2702 3813; baseline -0.001 -16"><span class='ocrx_word' id='word_1_230' title='bbox 448 3744 510 3797; x_wconf 89' lang='lat' dir='ltr'><strong>et</strong></span> <span class='ocrx_word' id='word_1_231' title='bbox 554 3733 974 3813; x_wconf 84' lang='lat' dir='ltr'><strong>iobagionum</strong></span> <span class='ocrx_word' id='word_1_232' title='bbox 1035 3733 1183 3795; x_wconf 91' lang='lat' dir='ltr'><strong>dicti</strong></span> <span class='ocrx_word' id='word_1_233' title='bbox 1238 3731 1551 3812; x_wconf 88' lang='lat' dir='ltr'><strong>Symonis</strong></span> <span class='ocrx_word' id='word_1_234' title='bbox 1607 3733 1998 3812; x_wconf 90' lang='lat' dir='ltr'><strong>prescriptas</strong></span> <span class='ocrx_word' id='word_1_235' title='bbox 2063 3733 2523 3812; x_wconf 89' lang='lat' dir='ltr'><strong>possessiones</strong></span> <span class='ocrx_word' id='word_1_236' title='bbox 2587 3749 2702 3813; x_wconf 91' lang='lat' dir='ltr'><strong>per</strong></span> 
     </span>
     <span class='ocr_line' id='line_1_32' title="bbox 448 3840 2701 3921; baseline -0.001 -17"><span class='ocrx_word' id='word_1_237' title='bbox 448 3841 821 3921; x_wconf 86' lang='lat' dir='ltr'><strong>voraginem</strong></span> <span class='ocrx_word' id='word_1_238' title='bbox 870 3841 1036 3920; x_wconf 90' lang='lat' dir='ltr'><strong>ignis</strong></span> <span class='ocrx_word' id='word_1_239' title='bbox 1083 3840 1394 3902; x_wconf 89' lang='lat' dir='ltr'><strong>succendi</strong></span> <span class='ocrx_word' id='word_1_240' title='bbox 1444 3841 1701 3920; x_wconf 89' lang='lat' dir='ltr'><strong>penitus</strong></span> <span class='ocrx_word' id='word_1_241' title='bbox 1743 3847 1806 3901; x_wconf 90' lang='lat' dir='ltr'><strong>et</strong></span> <span class='ocrx_word' id='word_1_242' title='bbox 1844 3857 1959 3919; x_wconf 91' lang='lat' dir='ltr'><strong>per</strong></span> <span class='ocrx_word' id='word_1_243' title='bbox 2006 3841 2226 3902; x_wconf 90' lang='lat' dir='ltr'><strong>omnia</strong></span> <span class='ocrx_word' id='word_1_244' title='bbox 2274 3840 2596 3902; x_wconf 89' lang='lat' dir='ltr'><strong>comburri</strong></span> <span class='ocrx_word' id='word_1_245' title='bbox 2637 3848 2701 3902; x_wconf 89' lang='lat' dir='ltr'><strong>et</strong></span> 
     </span>
     <span class='ocr_line' id='line_1_33' title="bbox 450 3946 2699 4027; baseline -0.001 -17"><span class='ocrx_word' id='word_1_246' title='bbox 450 3949 840 4011; x_wconf 88' lang='lat' dir='ltr'><strong>concremari</strong></span> <span class='ocrx_word' id='word_1_247' title='bbox 888 3947 1131 4025; x_wconf 84' lang='lat' dir='ltr'><strong>facerit,</strong></span> <span class='ocrx_word' id='word_1_248' title='bbox 1180 3965 1266 4009; x_wconf 86' lang='lat' dir='ltr'><strong>an</strong></span> <span class='ocrx_word' id='word_1_249' title='bbox 1307 3965 1389 4009; x_wconf 90' lang='lat' dir='ltr'><strong>ne</strong></span> <span class='ocrx_word' id='word_1_250' title='bbox 1437 3948 1576 4027; x_wconf 88' lang='lat' dir='ltr'><strong>ipse</strong></span> <span class='ocrx_word' id='word_1_251' title='bbox 1622 3948 1961 4010; x_wconf 88' lang='lat' dir='ltr'><strong>Johannes</strong></span> <span class='ocrx_word' id='word_1_252' title='bbox 1998 3946 2081 4010; x_wconf 91' lang='lat' dir='ltr'><strong>de</strong></span> <span class='ocrx_word' id='word_1_253' title='bbox 2120 3946 2375 4009; x_wconf 88' lang='lat' dir='ltr'><strong>Chahol</strong></span> <span class='ocrx_word' id='word_1_254' title='bbox 2416 3947 2479 4008; x_wconf 90' lang='lat' dir='ltr'><strong>in</strong></span> <span class='ocrx_word' id='word_1_255' title='bbox 2518 3948 2699 4008; x_wconf 88' lang='lat' dir='ltr'><strong>totali</strong></span> 
     </span>
     <span class='ocr_line' id='line_1_34' title="bbox 449 4054 2702 4135; baseline 0 -19"><span class='ocrx_word' id='word_1_256' title='bbox 449 4057 782 4135; x_wconf 86' lang='lat' dir='ltr'><strong>premissa</strong></span> <span class='ocrx_word' id='word_1_257' title='bbox 808 4054 1063 4116; x_wconf 89' lang='lat' dir='ltr'><strong>actione</strong></span> <span class='ocrx_word' id='word_1_258' title='bbox 1111 4062 1173 4116; x_wconf 92' lang='lat' dir='ltr'><strong>et</strong></span> <span class='ocrx_word' id='word_1_259' title='bbox 1220 4054 1645 4133; x_wconf 87' lang='lat' dir='ltr'><strong>acquisitione</strong></span> <span class='ocrx_word' id='word_1_260' title='bbox 1694 4054 1843 4116; x_wconf 91' lang='lat' dir='ltr'><strong>dicti</strong></span> <span class='ocrx_word' id='word_1_261' title='bbox 1882 4055 2122 4117; x_wconf 88' lang='lat' dir='ltr'><strong>actoris</strong></span> <span class='ocrx_word' id='word_1_262' title='bbox 2168 4056 2485 4116; x_wconf 89' lang='lat' dir='ltr'><strong>innocens</strong></span> <span class='ocrx_word' id='word_1_263' title='bbox 2524 4061 2702 4116; x_wconf 90' lang='lat' dir='ltr'><strong>esset</strong></span> 
     </span>
     <span class='ocr_line' id='line_1_35' title="bbox 450 4162 2698 4241; baseline -0 -17"><span class='ocrx_word' id='word_1_264' title='bbox 450 4170 510 4224; x_wconf 90' lang='lat' dir='ltr'><strong>et</strong></span> <span class='ocrx_word' id='word_1_265' title='bbox 555 4163 857 4224; x_wconf 84' lang='lat' dir='ltr'><strong>existeret</strong></span> <span class='ocrx_word' id='word_1_266' title='bbox 917 4162 1175 4241; x_wconf 89' lang='lat' dir='ltr'><strong>penitus</strong></span> <span class='ocrx_word' id='word_1_267' title='bbox 1232 4169 1295 4223; x_wconf 91' lang='lat' dir='ltr'><strong>et</strong></span> <span class='ocrx_word' id='word_1_268' title='bbox 1342 4163 1696 4240; x_wconf 81' lang='lat' dir='ltr'><strong>immunuS‚</strong></span> <span class='ocrx_word' id='word_1_269' title='bbox 1756 4179 1936 4224; x_wconf 90' lang='lat' dir='ltr'><strong>more</strong></span> <span class='ocrx_word' id='word_1_270' title='bbox 1991 4163 2361 4224; x_wconf 91' lang='lat' dir='ltr'><strong>communis</strong></span> <span class='ocrx_word' id='word_1_271' title='bbox 2436 4162 2698 4241; x_wconf 90' lang='lat' dir='ltr'><strong>inquisi-</strong></span> 
     </span>
     <span class='ocr_line' id='line_1_36' title="bbox 449 4269 2699 4349; baseline 0 -18"><span class='ocrx_word' id='word_1_272' title='bbox 449 4269 636 4331; x_wconf 89' lang='lat' dir='ltr'><strong>tionis</strong></span> <span class='ocrx_word' id='word_1_273' title='bbox 673 4269 851 4346; x_wconf 92' lang='lat' dir='ltr'><strong>sciet,</strong></span> <span class='ocrx_word' id='word_1_274' title='bbox 893 4270 1170 4348; x_wconf 87' lang='lat' dir='ltr'><strong>inquirat</strong></span> <span class='ocrx_word' id='word_1_275' title='bbox 1206 4277 1268 4331; x_wconf 91' lang='lat' dir='ltr'><strong>et</strong></span> <span class='ocrx_word' id='word_1_276' title='bbox 1300 4270 1667 4349; x_wconf 80' lang='lat' dir='ltr'><strong>experiatur</strong></span> <span class='ocrx_word' id='word_1_277' title='bbox 1704 4270 1966 4349; x_wconf 90' lang='lat' dir='ltr'><strong>plenam</strong></span> <span class='ocrx_word' id='word_1_278' title='bbox 2006 4277 2201 4348; x_wconf 90' lang='lat' dir='ltr'><strong>atque</strong></span> <span class='ocrx_word' id='word_1_279' title='bbox 2250 4270 2699 4332; x_wconf 90' lang='lat' dir='ltr'><strong>omnimodam</strong></span> 
     </span>
     <span class='ocr_line' id='line_1_37' title="bbox 453 4362 2700 4456; baseline 0.001 -19"><span class='ocrx_word' id='word_1_280' title='bbox 453 4362 842 4438; x_wconf 85' lang='lat' dir='ltr'><strong>certitudinis</strong></span> <span class='ocrx_word' id='word_1_281' title='bbox 888 4375 1242 4437; x_wconf 87' lang='lat' dir='ltr'><strong>veritatem.</strong></span> <span class='ocrx_word' id='word_1_282' title='bbox 1295 4375 1379 4437; x_wconf 90' lang='lat' dir='ltr'><strong>Et</strong></span> <span class='ocrx_word' id='word_1_283' title='bbox 1437 4384 1586 4455; x_wconf 90' lang='lat' dir='ltr'><strong>post</strong></span> <span class='ocrx_word' id='word_1_284' title='bbox 1633 4376 1757 4438; x_wconf 90' lang='lat' dir='ltr'><strong>hec</strong></span> <span class='ocrx_word' id='word_1_285' title='bbox 1805 4377 2009 4456; x_wconf 90' lang='lat' dir='ltr'><strong>ipsius</strong></span> <span class='ocrx_word' id='word_1_286' title='bbox 2065 4376 2439 4438; x_wconf 86' lang='lat' dir='ltr'><strong>communis</strong></span> <span class='ocrx_word' id='word_1_287' title='bbox 2500 4377 2700 4455; x_wconf 90' lang='lat' dir='ltr'><strong>inqui·</strong></span> 
     </span>
     <span class='ocr_line' id='line_1_38' title="bbox 453 4482 2699 4564; baseline 0.001 -20"><span class='ocrx_word' id='word_1_288' title='bbox 453 4483 691 4546; x_wconf 88' lang='lat' dir='ltr'><strong>sitionis</strong></span> <span class='ocrx_word' id='word_1_289' title='bbox 748 4482 982 4545; x_wconf 88' lang='lat' dir='ltr'><strong>seriem</strong></span> <span class='ocrx_word' id='word_1_290' title='bbox 1040 4500 1191 4545; x_wconf 89' lang='lat' dir='ltr'><strong>cum</strong></span> <span class='ocrx_word' id='word_1_291' title='bbox 1259 4484 1530 4564; x_wconf 90' lang='lat' dir='ltr'><strong>propriis</strong></span> <span class='ocrx_word' id='word_1_292' title='bbox 1588 4492 1651 4546; x_wconf 89' lang='lat' dir='ltr'><strong>et</strong></span> <span class='ocrx_word' id='word_1_293' title='bbox 1699 4483 2198 4563; x_wconf 89' lang='lat' dir='ltr'><strong>possessionum</strong></span> <span class='ocrx_word' id='word_1_294' title='bbox 2255 4485 2699 4546; x_wconf 87' lang='lat' dir='ltr'><strong>attestantium</strong></span> 
     </span>
     <span class='ocr_line' id='line_1_39' title="bbox 453 4589 2698 4670; baseline 0 -19"><span class='ocrx_word' id='word_1_295' title='bbox 453 4592 818 4652; x_wconf 91' lang='lat' dir='ltr'><strong>nominibus</strong></span> <span class='ocrx_word' id='word_1_296' title='bbox 863 4597 937 4652; x_wconf 91' lang='lat' dir='ltr'><strong>ut</strong></span> <span class='ocrx_word' id='word_1_297' title='bbox 983 4590 1171 4653; x_wconf 86' lang='lat' dir='ltr'><strong>fuerit</strong></span> <span class='ocrx_word' id='word_1_298' title='bbox 1217 4592 1572 4670; x_wconf 86' lang='lat' dir='ltr'><strong>expediens</strong></span> <span class='ocrx_word' id='word_1_299' title='bbox 1618 4591 1702 4652; x_wconf 89' lang='lat' dir='ltr'><strong>ad</strong></span> <span class='ocrx_word' id='word_1_300' title='bbox 1751 4598 2021 4652; x_wconf 89' lang='lat' dir='ltr'><strong>octavas</strong></span> <span class='ocrx_word' id='word_1_301' title='bbox 2068 4590 2214 4653; x_wconf 88' lang='lat' dir='ltr'><strong>festi</strong></span> <span class='ocrx_word' id='word_1_302' title='bbox 2256 4592 2424 4653; x_wconf 92' lang='lat' dir='ltr'><strong>beati</strong></span> <span class='ocrx_word' id='word_1_303' title='bbox 2472 4589 2698 4652; x_wconf 91' lang='lat' dir='ltr'><strong>Jacobi</strong></span> 
     </span>
    </p>
   </div>
   <div class='ocr_carea' id='block_1_3' title="bbox 2723 1248 2933 1376">
    <p class='ocr_par' dir='ltr' id='par_1_3' title="bbox 2723 1248 2933 1376">
     <span class='ocr_line' id='line_1_40' title="bbox 2778 1248 2885 1294; baseline 0.009 -1"><span class='ocrx_word' id='word_1_304' title='bbox 2778 1248 2885 1294; x_wconf 75' lang='lat'>1450</span> 
     </span>
     <span class='ocr_line' id='line_1_41' title="bbox 2723 1323 2933 1376; baseline 0.005 -12"><span class='ocrx_word' id='word_1_305' title='bbox 2723 1333 2835 1376; x_wconf 77' lang='lat' dir='ltr'><strong>aug.</strong></span> <span class='ocrx_word' id='word_1_306' title='bbox 2867 1323 2933 1366; x_wconf 75' lang='lat'><strong>1⁸.</strong></span> 
     </span>
    </p>
   </div>
   <div class='ocr_carea' id='block_1_4' title="bbox 2721 1308 2937 1320">
    <p class='ocr_par' dir='ltr' id='par_1_4' title="bbox 2721 1308 2937 1320">
     <span class='ocr_line' id='line_1_42' title="bbox 2721 1308 2937 1320; baseline 0 0"><span class='ocrx_word' id='word_1_307' title='bbox 2721 1308 2937 1320; x_wconf 95' lang='lat' dir='ltr'><strong> </strong></span> 
     </span>
    </p>
   </div>
  </div>
 </body>
</html>
