3475 5200
22 4702 84 4822 ‘⁵2‘ss

576 3070 677 3115 1471

518 3154 661 3205 περὶ.
668 3148 732 3192 15.

1681 384 2072 437 -262-

1717 603 2043 667 CCCLXI.

1588 761 1787 826 1471.
1832 769 2021 847 περὶ.
2066 762 2173 826 15.

753 894 1006 959 Bolognai
1028 893 1219 947 Miklos
1257 897 1487 947 Antonio
1525 895 1907 948 Marlianonak.
1944 898 1989 946 Α
2029 898 2255 947 torokok
2294 896 2585 949 Szendr6re
2624 897 2744 950 erve
2782 916 2814 949 a
2850 899 3002 950 Dum

751 973 810 1026 es
831 973 1002 1026 Szava
1038 977 1220 1028 kozott
1256 972 1703 1040 er6ditmenyeket
1721 978 1958 1038 emeltek,
1997 978 2257 1042 melyeket
2294 992 2326 1027 3
2361 980 2647 1044 magyarok
2685 979 2999 1044 megtamad·

1547 1058 1651 1119 tak,
1691 1058 1756 1107 de
1795 1059 2224 1112 visszaverettek.

969 1221 1170 1239 .....
1207 1176 1530 1241 Habiamo
1569 1194 1683 1257 per
1712 1178 1916 1239 littere
1959 1178 2040 1240 de
2096 1180 2166 1240 11
2221 1178 2304 1241 de
2343 1188 2577 1258 questo
2609 1179 2714 1242 doi
2746 1182 3003 1243 sobassi

755 1283 857 1346 del
903 1284 1171 1347 Turcho
1220 1283 1360 1347 cioe
1407 1279 1721 1364 Mognato
1777 1293 1839 1347 et
1886 1284 2186 1347 Lasbech
2250 1286 2569 1366 capitanei
2633 1287 2712 1349 de
2778 1289 3002 1350 cavalli

754 1384 928 1454 XXM
970 1409 1084 1473 per
1129 1392 1390 1454 caduno
1437 1408 1653 1455 sonno
1699 1393 1923 1455 venuti
1970 1409 2010 1453 a
2057 1390 2371 1456 Smedreo
2418 1393 2481 1455 in
2530 1390 2755 1456 Servia
2800 1401 2862 1456 et
2907 1403 3004 1456 tra

753 1501 812 1562 el
860 1499 1163 1561 Danubio
1212 1506 1273 1560 et
1319 1500 1382 1560 la
1428 1496 1606 1561 Sava
1671 1500 1896 1562 hanno
1961 1501 2137 1562 facta
2200 1500 2336 1562 fare
2392 1517 2528 1562 una
2572 1501 3006 1580 grandissima

754 1606 940 1670 fossa
987 1607 1108 1669 che
1157 1605 1467 1668 circunda
1514 1607 1685 1668 circa
1731 1608 1949 1686 miglia
1981 1614 2073 1669 tre
2106 1626 2258 1670 cum
2292 1607 2563 1685 stechati
2594 1613 2658 1670 et
2689 1608 3002 1672 sassinate

753 1713 1122 1781 fortissime,
1185 1714 1354 1776 dove
1402 1730 1556 1794 pare
1622 1714 1723 1776 ch'
1776 1715 1834 1776 el
1881 1714 2148 1777 Turcho
2192 1714 2409 1795 voglia
2473 1716 2575 1777 col
2637 1721 2859 1795 tempo
2908 1716 3005 1779 far

755 1819 1103 1882 hedificare
1168 1838 1304 1882 una
1368 1822 1556 1883 eitate
1621 1823 1744 1884 che
1798 1821 2022 1884 venii-a
2085 1822 2171 1884 ad
2236 1838 2455 1883 essere
2516 1839 2634 1902 per
2685 1830 2910 1885 contra
2960 1842 3006 1885 a

754 1926 1074 2007 Belgrado
1106 1934 1170 1989 et
1202 1945 1431 2007 presso
1463 1947 1504 1990 a
1536 1930 1750 2007 quello
1782 1946 1896 2008 per
1927 1928 2141 2009 miglia
2171 1928 2296 1991 doe
2330 1928 2411 1990 de
2443 1928 2505 1990 la
2533 1930 2641 1991 dal
2677 1928 3004 2008 Danubio,

755 2042 819 2097 et
884 2036 1111 2098 dentro
1157 2036 1240 2114 gli
1288 2035 1512 2099 hanno
1559 2036 1728 2116 posti
1769 2036 2011 2098 Turchi
2058 2026 2158 2097 IIM
2193 2053 2319 2099 con
2367 2036 2723 2099 monitione
2769 2048 2831 2099 et
2876 2039 3007 2101 vic-

754 2143 970 2218 tualie‚
1035 2149 1098 2204 et
1162 2143 1269 2222 poi
1334 2143 1388 2204 si
1454 2160 1667 2206 sonno
1716 2142 1944 2223 partiti.
2013 2141 2097 2205 Li·
2151 2142 2395 2223 Ungari
2456 2160 2626 2206 sono
2681 2145 2897 2207 andati
2963 2164 3007 2206 a

753 2252 973 2313 volere
1040 2268 1416 2330 expugnare
1485 2259 1722 2328 questo
1786 2252 1936 2313 loeo
2002 2257 2065 2313 et
2130 2268 2410 2330 ruynare
2473 2251 2539 2311 la
2601 2251 2785 2314 fossa
2846 2262 2909 2313 et
2962 2253 3007 2315 li

754 2356 998 2420 Turchi
1044 2375 1213 2421 sono
1261 2358 1449 2421 usciti
1514 2358 1680 2420 fuori
1751 2365 1813 2420 et
1877 2358 2054 2420 hano
2120 2358 2275 2421 dato
2329 2358 2575 2438 grande
2631 2358 2873 2421 damno
2918 2361 3009 2421 ad

757 2463 1024 2544 Ungari,
1074 2472 1133 2527 et
1183 2484 1305 2545 pur
1351 2483 1518 2529 sono
1565 2466 1785 2529 restati
1834 2465 1979 2529 forti
2011 2468 2114 2528 nel
2147 2466 2341 2529 locho
2390 2482 2546 2541 suo;
2595 2482 2750 2545 pare
2796 2467 3009 2529 anche

756 2569 1018 2649 chesun'
1051 2574 1210 2635 altra
1241 2573 1595 2653 quantitate
1628 2574 1708 2637 de
1739 2573 1983 2637 Turchi
2016 2574 2203 2637 siano
2234 2573 2425 2636 aviati
2472 2589 2666 2636 verso
2715 2572 3012 2637 Lubiana

753 2682 904 2743 loco
952 2680 1055 2743 del
1099 2681 1483 2761 imperatore
1515 2684 1615 2745 ale
1649 2683 1909 2746 confine
1947 2681 2049 2744 del
2082 2681 2133 2742 F
2137 2682 2296 2759 nuli,
2347 2682 2449 2747 del
2481 2682 2602 2744 che
2634 2683 2696 2743 13
2727 2682 3009 2762 signoria

755 2805 838 2849 ne
902 2795 1006 2850 sta
1071 2806 1194 2850 con
1259 2789 1507 2867 timore,
1557 2796 1620 2852 et
1667 2808 1739 2853 se
1788 2797 1938 2852 tene
1984 2790 2025 2852 li
2071 2789 2478 2853 mandarano
2532 2797 2746 2868 gente,
2795 2806 2904 2851 ma
2953 2790 3009 2851 si

755 2895 950 2957 stima
982 2914 1112 2958 non
1144 2915 1396 2976 porano
1443 2898 1751 2977 giongere
1798 2898 1883 2960 ad
1922 2898 2086 2960 hora
2133 2898 2255 2959 che
2286 2897 2492 2977 prima
2521 2897 2561 2958 li
2592 2895 2833 2958 Turchi
2873 2914 3009 2959 non

753 3003 1039 3067 habiano
1087 3021 1279 3067 corso
1326 3010 1391 3067 et
1434 3005 1609 3067 facto
1657 3006 1696 3067 il
1745 3006 1925 3067 botin
1972 3006 2111 3068 loro
2162 3052 2512 3068 ......

968 3111 1134 3173 Date
1182 3112 1284 3175 die
1340 3112 1417 3173 15
1465 3112 1864 3193 Septembris
1921 3114 2077 3176 1471
2135 3112 2298 3174 hora
2344 3111 2398 3173 1⁸
2446 3119 2657 3174 nocte.

2187 3218 2500 3282 Nicolaus
2549 3218 3006 3281 Bononiensis.

969 3351 1203 3416 Kiviil:
1251 3350 1595 3434 Spectabili
1660 3354 1884 3417 maiori
1953 3355 2339 3417 honorando
2404 3353 2673 3416 domino
2719 3352 3008 3415 Antonio

753 3461 836 3524 de
884 3461 1196 3524 Marliano
1243 3469 1363 3524 etc.

969 3582 1183 3635 Milanoi
1220 3572 1281 3635 Ᾰ.
1322 3585 1380 3636 L.
1421 3585 1470 3635 Ρ.
1511 3585 1568 3637 Ε.
1608 3584 1896 3649 V(enezia).

1703 3783 2055 3847 cchxn.

1481 3944 1699 4023 Bada,
1748 3943 1945 4010 1472.
1996 3946 2118 4008 okt.
2166 3942 2275 4008 30.

754 4078 1039 4142 Dengelegi
1059 4077 1326 4144 Pongracz
1349 4076 1511 4129 Janos
1533 4076 1726 4143 erdelyi
1748 4079 1907 4142 vajda
1944 4093 1975 4127 a
2010 4077 2178 4142 kiraly
2194 4074 2514 4143 paranesara
2551 4073 2704 4126 nebai
2743 4074 3010 4126 Losonczi

755 4156 944 4224 Banfl'y
981 4156 1159 4210 Istvan
1196 4159 1386 4209 fiainak
1415 4159 1717 4223 visszaadja
1755 4156 1929 4222 Regen
1967 4155 2353 4219 mez6v5rosag
2394 4157 2586 4222 melyet
2623 4171 2656 4206 3
2685 4157 2877 4220 csepeli
2910 4157 3005 4206 kir.

1531 4238 1725 4290 raezok
1763 4240 1911 4289 miatt
1945 4239 2130 4303 foglalt
2167 4239 2231 4289 el.

969 4359 1306 4422 Johannes
1353 4359 1687 4438 Pongracz
1726 4359 1807 4421 de
1841 4358 2171 4437 Dengeleg
2218 4358 2571 4437 waywoda
2601 4355 3011 4419 Transsilva-

757 4485 906 4543 nus,
941 4464 1310 4529 Siculorum
1339 4474 1402 4529 et
1431 4465 1921 4530 Themesiensis
1946 4483 2172 4527 comes
2205 4465 2400 4528 nobili
2433 4464 2735 4527 Ladislao
2767 4461 3012 4543 Erdely

759 4574 840 4636 de
889 4574 1126 4637 Kemer
1190 4573 1449 4636 officiali
1513 4582 1738 4637 nostro
1786 4575 1851 4636 in
1899 4573 2141 4655 oppido
2206 4573 2427 4653 Regen
2492 4580 2555 4635 et
2611 4569 3014 4653 pertinentiis
