3475 5200
1239 366 1255 385 ·
1370 351 1765 406 —195-

661 576 756 640 Lo
801 574 1230 638 illustrissimo
1281 572 1453 635 duca
1485 571 1567 634 de
1596 570 1845 649 Savoja
1872 588 2115 634 ancora
2160 588 2295 635 non
2326 589 2400 635 se
2431 568 2693 634 intende
2732 567 2737 576 ’

445 686 688 748 havere
753 700 1097 764 promesso
1155 699 1316 746 cosa
1379 681 1636 755 alcuna,
1686 697 1797 741 ma
1844 679 2121 743 richiede
2187 680 2341 743 certi
2387 680 2693 761 privilegii

443 801 512 856 et
576 800 747 856 certe
793 791 1192 870 indulgentie
1238 789 1323 852 da
1366 790 1432 852 13
1475 787 1756 850 sanctita
1802 788 1905 850 del
1951 805 2124 867 papa
2188 805 2302 868 per
2347 792 2694 873 recogliere

443 901 652 964 dinari
725 900 898 980 quali
963 899 1104 961 dice
1169 897 1254 959 da
1318 913 1452 977 poy
1496 897 1715 959 volere
1790 900 2182 958 consumare
2251 897 2315 959 in
2379 899 2695 963 mandare

445 1014 676 1071 contra
722 1008 781 1070 el
826 1005 1109 1069 Turcho.

665 1123 758 1187 Lo
807 1121 1223 1185 serenissimo
1277 1138 1343 1184 re
1390 1121 1473 1184 de
1515 1122 1824 1201 Aragona
1868 1121 1957 1183 ha
2002 1121 2262 1200 pigliata
2305 1122 2369 1182 la
2414 1123 2698 1186 cruciata

447 1241 517 1295 et
563 1249 714 1294 cum
780 1232 897 1310 luy
942 1248 1077 1292 una
1140 1229 1384 1310 grande
1449 1228 1714 1292 nobilita
1760 1228 1842 1290 de
1887 1228 2133 1291 homini
2183 1234 2247 1291 et
2292 1227 2433 1292 dice
2479 1233 2696 1294 volere

445 1356 702 1403 armare
735 1337 846 1419 pisi
876 1338 958 1400 de
987 1338 1102 1400 LX
1126 1338 1332 1417 galee,
1379 1354 1489 1398 ma
1532 1354 1605 1399 se
1654 1336 1845 1399 crede
1878 1337 1942 1398 in
1975 1336 2211 1400 effecto
2250 1355 2385 1400 non
2417 1338 2698 1403 debiano

448 1465 670 1510 essere
744 1450 922 1508 tante
1006 1451 1070 1508 et
1155 1444 1368 1507 anche
1453 1460 1527 1506 se
1614 1443 1754 1506 dice
1839 1443 1920 1505 de
2007 1445 2224 1507 volere
2303 1444 2547 1507 andare
2635 1448 2697 1509 in

451 1573 750 1637 persona.

667 1672 762 1734 La
803 1670 1232 1732 illustrissima
1278 1668 1566 1749 signoria
1611 1669 1692 1731 de
1738 1668 2011 1732 Venetia
2057 1668 2220 1747 dice,
2268 1670 2391 1732 che
2435 1671 2700 1749 quando

454 1778 696 1843 havera
741 1779 913 1841 visto
977 1779 1042 1840 la
1104 1784 1281 1840 certa
1325 1784 1391 1839 et
1435 1776 1797 1839 indubitata
1841 1776 2222 1856 provixione
2286 1776 2371 1839 da
2435 1764 2701 1859 principi

451 1895 519 1950 et
566 1887 805 1967 signori
853 1885 935 1948 de
982 1883 1381 1947 christianita
1440 1891 1783 1965 preparata
1846 1900 1961 1964 per
2024 1901 2201 1954 mare
2247 1891 2314 1947 et
2357 1903 2473 1965 per
2518 1895 2704 1965 terra,

456 1995 578 2056 che
626 1994 839 2057 anche
884 1994 990 2072 ley
1038 1993 1177 2055 fara
1223 2010 1358 2054 una
1402 1993 1701 2055 notevele
1750 1997 1812 2053 et
1858 1993 2034 2054 bona
2078 2000 2330 2055 armata
2375 2011 2490 2073 per
2524 2012 2703 2058 mare

453 2119 500 2163 a
544 2102 608 2163 la
654 2102 844 2180 quale
891 2100 1055 2162 infra
1087 2106 1268 2163 tanto
1315 2100 1474 2162 altra
1523 2098 1905 2178 provixione
1938 2115 2072 2161 non
2104 2097 2191 2162 fa.
2240 2098 2328 2162 Et
2357 2117 2432 2163 se
2463 2102 2704 2164 extima

457 2209 650 2271 debia
696 2225 916 2271 essere
963 2207 1061 2270 fra
1105 2208 1146 2270 11
1192 2206 1397 2269 ultimi
1444 2206 1525 2268 de
1573 2206 1718 2268 tutti
1767 2224 1809 2266 3
1856 2205 2030 2268 fasla.

673 2325 768 2387 La
813 2324 1164 2404 magnifica
1229 2331 1293 2386 et
1362 2324 1622 2386 excelsa
1677 2323 2010 2387 comunita
2056 2324 2139 2388 de
2185 2324 2509 2388 Florentia
2563 2327 2707 2390 dice

458 2435 680 2495 volere
727 2449 978 2495 armare
1023 2431 1162 2493 VIII
1209 2431 1395 2510 galee
1442 2436 1506 2493 et
1551 2448 1624 2493 se
1672 2430 1814 2493 dice
1862 2431 2006 2494 chel
2053 2433 2402 2512 magnifico
2458 2432 2705 2497 Cosmo

459 2540 525 2603 di
570 2539 807 2603 Medici
853 2555 938 2601 ne
983 2538 1130 2602 vole
1178 2554 1429 2601 armare
1496 2556 1630 2601 una
1691 2556 1732 2601 3
1798 2556 1920 2602 sue
1966 2556 2160 2620 spese
2207 2547 2270 2604 et
2315 2542 2526 2606 anche
2572 2560 2710 2606 una

461 2664 631 2710 nave
676 2646 944 2727 grande.
2373 2633 2376 2636 ⁴

679 2764 776 2827 Lo
824 2764 1255 2827 illustrissimo
1302 2766 1471 2827 duce
1518 2772 1582 2827 et
1630 2766 1980 2845 magnifica
2025 2767 2308 2846 signoria
2355 2765 2436 2830 de
2487 2767 2712 2831 Zenoa

461 2888 539 2934 se
588 2871 779 2933 crede
826 2871 1018 2933 debia
1063 2874 1321 2952 seguire
1368 2873 1428 2935 le
1474 2872 1725 2952 vestigii
1775 2873 1855 2934 de
1903 2871 2263 2936 Venetiani.

679 2986 776 3050 Lo
822 2987 1252 3052 illustrissimo
1302 2989 1474 3051 duca
1505 2989 1586 3051 de
1617 2988 1906 3052 Modena
1935 2990 1996 3050 al
2028 2990 2338 3070 principio
2370 3007 2443 3054 se
2485 2989 2713 3055 diceva

463 3103 530 3158 et
575 3113 650 3158 53
697 3093 1040 3157 affirmava
1068 3097 1285 3159 volere
1316 3096 1598 3177 spender
1639 3113 1718 3157 ea
1750 3103 1984 3176 questa
2013 3097 2296 3176 impresa
2342 3088 2447 3159 CM
2473 3096 2711 3176 ducati,
2822 3128 2831 3141 ·

462 3203 709 3265 adesso
756 3219 828 3264 se
876 3202 1015 3265 dice
1061 3205 1280 3266 volere
1324 3221 1574 3266 armare
1622 3211 1793 3266 certe
1840 3203 2039 3283 galee.

681 3319 777 3381 La
822 3319 1171 3400 magnifica
1217 3319 1619 3383 communita
1665 3320 1748 3383 de
1794 3320 2091 3400 Bologna
2136 3328 2336 3384 mette
2381 3321 2714 3401 impuncto

465 3427 597 3489 due
643 3427 849 3506 galee.

684 3542 757 3604 Li
803 3541 1131 3622 magnifici
1180 3543 1420 3622 signori
1452 3541 1682 3606 Senesi
1729 3544 1954 3607 hanno
2001 3561 2203 3624 assay
2249 3544 2335 3607 da
2379 3544 2606 3608 rodere
2655 3553 2718 3608 et

468 3656 702 3730 troppo
748 3669 790 3712 a
836 3650 971 3712 fare
1020 3649 1123 3712 del
1170 3651 1360 3729 male,
1410 3651 1531 3714 che
1578 3652 1637 3712 al
1685 3658 1988 3731 presente
2051 3652 2393 3731 patiscono
2441 3659 2505 3716 et
2551 3652 2718 3715 della

467 3775 704 3837 guerra
749 3758 974 3821 hanno
1022 3759 1121 3821 ale
1169 3758 1386 3839 spalle.

686 3873 782 3937 Lo
827 3875 1257 3938 illustrissimo
1305 3875 1563 3954 signore
1610 3874 1934 3954 Delphino
1977 3875 2058 3938 de
2105 3874 2156 3936 F
2160 3893 2357 3938 ranza
2401 3876 2489 3938 ha
2535 3878 2720 3956 oppi-

475 3983 667 4045 nione
716 3982 799 4045 de
845 3982 1088 4044 andare
1135 3984 1658 4062 personalmente
1706 3990 1935 4046 contra
1990 3984 2047 4044 el
2089 3981 2376 4061 Turch0,
2424 3984 2719 4047 secundo

473 4089 597 4152 che
659 4090 801 4153 dice
867 4099 1092 4153 nostro
1159 4090 1420 4170 signore
1483 4090 1526 4152 li
1590 4091 1678 4152 ha
1743 4092 1982 4170 scripto
2049 4091 2106 4153 el
2172 4091 2716 4155 reverendissimo

475 4198 896 4278 monsignore
943 4197 1025 4259 de
1071 4198 1418 4277 Avignone
1466 4215 1582 4277 per
1629 4215 1749 4261 sue
1795 4200 1997 4261 littere
2045 4198 2194 4260 date
2241 4198 2307 4260 in
2354 4197 2623 4260 Franza.

689 4390 905 4443 Milan&
943 4378 1002 4443 Ᾰ.
1042 4391 1099 4443 1..
1138 4390 1375 4456 Registro
1431 4392 1484 4442 di
1520 4389 1740 4443 Missive
1796 4405 1867 4442 no
1915 4390 2000 4442 25.
2039 4390 2075 4440 f.
2117 4391 2237 4442 284.
2282 4390 2620 4455 Κοιιεεοιιοη,
2659 4392 2725 4441 <10

476 4481 603 4532 csak
640 4496 672 4532 a
705 4482 887 4546 jelzett
922 4482 1159 4546 napokra
1194 4482 1620 4534 vonatkozhatik.

2408 4659 2508 4713 13*
