3475 5200
654 4030 758 4074 15⁴1!

614 4102 806 4158 juniifl.

1745 449 2134 502 -304-

1799 723 2084 785 CDXIX.

1533 954 1752 1030 Buda,
1801 953 1997 1017 1502.
2036 951 2190 1036 jain.
2214 902 2346 1019 ⁸13.

821 1141 874 1193 u.
922 1139 1130 1193 [illaszlo
1178 1139 1348 1205 kiraly
1394 1139 1657 1191 Macskasi
1704 1140 1940 1192 Tharrok
1989 1140 2136 1192 Peter
2183 1140 2241 1193 e's
2289 1142 2565 1207 Gerlistyei
2613 1143 2780 1194 Jakab
2818 1140 3066 1208 szbrenyi

822 1237 1099 1289 bannknak
1136 1240 1466 1305 meghagyja‚
1514 1240 1659 1303 hogy
1697 1239 1903 1291 Cvetko
1959 1239 2016 1291 es
2073 1239 2223 1291 Mark
2264 1240 2386 1291 πόσι
2439 1239 2882 1307 szokevenyeket,
2922 1241 3064 1310 kiket

822 1357 850 1385 a
890 1335 1051 1403 kiraly
1091 1337 1336 1389 Kanizsai
1381 1337 1600 1402 Gyorgy
1647 1336 2091 1401 nandorseje'rviiri
2132 1338 2236 1390 bein
2274 1338 2670 1405 szolgissataban
2713 1339 2861 1403 ohnjt
2896 1341 3063 1400 nicini,

1649 1453 1681 1486 a
1717 1436 1929 1487 brinnak
1968 1436 2125 1503 adjak
2164 1435 2232 1488 rit.

1844 1636 2238 1700 Commissio
2284 1637 2542 1718 propria
2587 1636 2829 1699 domini
2879 1637 3065 1717 regis,

1141 1771 1541 1832 Wladislaus
1589 1771 1689 1832 dei
1736 1772 1942 1851 gratia
1989 1789 2102 1834 rex

1142 1876 1472 1957 Hunagrie
1519 1885 1583 1940 et
1630 1879 1943 1941 Bohemie
1989 1887 2109 1941 etc.

1035 2002 1293 2083 Egregii
1341 2003 1565 2065 fideles
1613 2006 1804 2067 nobis
1850 2005 2079 2067 dilecti.
2149 2005 2479 2084 Quoniam
2537 2022 2662 2067 nos
2707 2006 2850 2067 illos
2897 2005 3064 2067 duos

822 2111 1215 2190 transfugas,
1265 2111 1439 2190 wlgo
1481 2111 1749 2190 prybek‚
1800 2112 2315 2174 Czewthkonem
2365 2121 2595 2192 utputa
2641 2120 2705 2174 et
2751 2112 3064 2188 Marcum,

826 2221 930 2297 qui
996 2218 1097 2281 his
1148 2218 1380 2279 diebus
1435 2218 1736 2279 derelicta
1801 2218 2244 2281 sordidissima
2310 2228 2492 2282 secta
2520 2219 2937 2281 Thurcorum
2983 2218 3065 2279 ad

826 2326 1108 2389 dominia
1174 2334 1398 2387 nostra
1464 2325 1862 2405 confugisse,
1935 2334 1999 2388 et
2046 2344 2224 2388 nunc
2287 2327 2426 2389 istic
2493 2328 2670 2407 apud
2733 2344 2858 2389 vos
2921 2343 3066 2387 oese

822 2437 1140 2509 dicuntur,
1209 2433 1378 2495 fideli
1428 2440 1651 2495 nostro
1699 2434 2049 2513 magnifico
2118 2434 2400 2514 Georgio
2447 2435 2528 2496 de
2575 2434 2849 2515 Kanysa
2895 2436 3067 2497 bano

826 2553 1047 2603 nostro
1095 2540 1612 2603 Nandoralbensi
1661 2559 1780 2621 pro
1827 2542 2210 2605 defensione
2257 2549 2319 2605 et
2366 2542 2664 2605 custodia
2710 2542 3064 2605 earundem

826 2648 1100 2729 partium
1149 2648 1520 2710 inferiorum
1570 2649 1872 2711 dedimus
1919 2657 1982 2712 et
2028 2651 2658 2722 commendavimus
2706 2659 2903 2729 atque
2941 2651 3066 2711 sub

826 2757 1137 2817 hanatum
1168 2764 1230 2817 et
1264 2761 1654 2835 potestatem
1684 2757 1980 2818 eiusdem
2015 2757 2497 2838 deputavimus,
2519 2758 2959 2836 volumusque
2992 2764 3067 2818 ut

826 2866 1010 2926 iidem
1057 2863 1246 2926 nobis
1278 2871 1341 2924 et
1372 2864 1524 2924 huic
1557 2881 1758 2944 regno
1782 2866 1908 2926 sub
1934 2865 2169 2927 eodem
2215 2865 2495 2945 Georgio
2544 2865 2718 2927 bano
2764 2864 3064 2928 serviant.

826 2970 1043 3046 Quare
1109 2970 1392 3032 fidelitati
1456 2980 1670 3033 vestre
1737 2972 1970 3033 harum
2036 2972 2200 3034 serie
2277 2971 2539 3033 firmiter
2602 2972 3069 3033 committimus

826 3088 886 3138 et
938 3078 1349 3152 mandamus,
1397 3078 1705 3157 quatinus
1743 3079 1961 3141 statim
1994 3079 2280 3158 acceptis
2305 3080 2736 3159 presentibuS,
2786 3079 3073 3158 prefatos

830 3182 1342 3246 Czewthkonem
1374 3192 1438 3247 et
1482 3185 1777 3248 Marcum
1812 3186 2160 3247 simulcum
2203 3186 2389 3265 equis
2417 3204 2497 3247 ac
2544 3186 2682 3248 aliis
2731 3185 3074 3263 quibusvis

830 3294 1020 3354 rebus
1070 3300 1131 3354 et
1180 3294 1370 3354 bonis
1416 3310 1646 3355 eorum
1711 3293 1796 3354 ad
1863 3312 2103 3356 manus
2168 3295 2392 3373 prefati
2450 3294 2708 3373 Georgii
2757 3293 3073 3374 Kanysay

830 3400 974 3462 bani
1042 3399 1243 3462 nostri
1289 3406 1404 3461 aut
1451 3400 1733 3463 hominis
1791 3402 1892 3462 sui
1950 3401 2349 3481 presentium
2408 3401 2648 3463 scilicet
2712 3402 3074 3463 ostensoris

826 3510 1076 3585 alisque
1125 3508 1253 3567 ulla
1301 3507 1674 3569 renitteneia
1720 3508 1875 3570 dare
1923 3516 1986 3570 et
2017 3509 2352 3588 assignare
2401 3508 2708 3570 debeatis.
2745 3508 3076 3569 Volumus

830 3631 1112 3691 namque
1160 3622 1232 3675 ut
1279 3615 1710 3694 premisimuS‚
1761 3623 1833 3677 ut
1881 3617 1998 3695 ipsi
2048 3617 2109 3677 in
2160 3616 2451 3696 partibus
2497 3615 2615 3678 illis
2665 3614 3078 3678 inferioribus

830 3722 954 3782 sub
1002 3726 1323 3801 potestate
1357 3721 1560 3801 ipsius
1609 3722 1864 3802 Georgii
1898 3724 2046 3785 bani
2079 3726 2267 3786 nobis
2309 3731 2371 3784 et
2415 3724 2567 3785 huic
2614 3740 2817 3803 regno
2849 3731 3077 3785 nostro

830 3829 1129 3905 serviant,
1180 3828 1355 3890 aliud
1386 3829 1573 3907 igitur
1618 3831 1796 3892 nullo
1825 3831 2024 3893 modo
2056 3831 2270 3893 facere
2302 3830 2782 3910 presummatiS.
2833 3828 3078 3892 Datum

830 3937 1012 3999 [lude
1060 3936 1216 3997 feria
1271 3937 1562 3998 secunda
1611 3938 1906 4016 proxima
1971 3945 2123 3999 ante
2189 3939 2430 4001 festum
2495 3937 2620 3999 Viti
2686 3943 2749 4000 et
2798 3937 3078 4000 Modesti

834 4045 1182 4121 martirum,
1232 4061 1408 4105 anno
1474 4044 1720 4106 domini
1788 4044 2126 4108 millesimo
2185 4046 2710 4125 quingentesimo
2758 4044 3078 4108 secundo.

1041 4247 1274 4311 Kivill:
1322 4249 1613 4330 Egregiis
1660 4250 1848 4312 Petro
1894 4250 2193 4314 Tharrok
2231 4253 2313 4314 de
2351 4252 2670 4314 Machkas
2716 4257 2781 4313 et
2827 4250 3082 4312 Jacobo

830 4358 910 4418 de
970 4356 1357 4438 Gerl‘ysthye
1405 4357 1592 4420 banis
1643 4359 1882 4420 nostris
1927 4358 2472 4422 Zewriniensibus
2521 4359 2822 4420 fidelibus
2888 4357 3084 4419 nobis

834 4464 1092 4527 dilectis

1048 4658 1268 4720 Eredeti,
1307 4661 1472 4724 papir,
1514 4658 1745 4710 zarlatim
1784 4658 1965 4726 pecset
1990 4657 2358 4710 torede'keivel.
2400 4659 2471 4710 M.
2512 4657 2572 4709 N.
2600 4659 2669 4710 M.
2698 4660 2753 4711 lt.
