3475 5200
1643 345 2032 400 ...202-

716 568 940 630 itinera
985 567 1225 646 quibus
1270 567 1470 646 longo
1517 565 1849 628 intervallo
1897 563 2199 626 disiuncti
2242 580 2494 627 sumus.
2560 561 2754 626 Cives
2783 564 2961 625 deni·

717 691 844 755 que
871 681 935 737 et
966 674 1189 755 populi
1234 673 1437 737 nostri
1474 674 1653 735 nullo
1677 665 1894 753 'pacto
1941 672 2138 734 talem
2183 690 2225 733 a
2271 672 2462 733 nobis
2508 671 2961 751 peregrinatio·

715 800 869 844 nem
914 783 1050 845 fieri
1095 783 1413 860 volenteS‚
1460 789 1690 844 votum
1738 780 1870 843 hoc
1903 785 1965 841 et
1997 777 2389 841 desiderium
2427 785 2726 840 nostrum
2765 779 2960 858 impe-

715 890 918 953 diunt.
957 889 1425 952 Verumtamen
1473 887 1743 968 quando
1790 886 1855 949 id
1899 893 2124 949 nostra
2157 903 2421 965 quoque
2469 886 2794 966 presentia
2826 884 2959 948 fieri

716 998 958 1077 nequit,
999 997 1176 1076 quod
1208 996 1393 1076 copie
1424 1002 1646 1059 nostre
1678 993 1857 1075 quod
1889 994 2081 1071 vireS‚
2115 1000 2326 1056 status
2364 1010 2729 1072 omnesque
2760 992 2959 1056 sacul-

714 1111 885 1167 tates
950 1110 1172 1167 nostre
1224 1109 1505 1184 possunt
1549 1103 1615 1165 id
1661 1110 1871 1165 totum
1920 1101 2336 1164 sanctissimo
2401 1100 2668 1163 domino
2736 1111 2959 1163 nostro

713 1229 883 1292 pape
930 1211 1175 1274 Calisto
1226 1228 1308 1273 ex
1356 1211 1545 1273 cuius
1587 1208 2046 1272 deliberatione
2069 1214 2210 1270 tota
2254 1208 2378 1270 hec
2405 1210 2644 1287 pendet
2675 1225 2958 1285 summa,

715 1318 1098 1381 iamdudum
1132 1318 1493 1381 dicavimus
1526 1326 1590 1380 et
1621 1316 1893 1396 singulis
1942 1315 2073 1378 sere
2113 1314 2345 1378 diebus
2376 1316 2594 1378 litteris
2626 1322 2690 1378 et
2720 1316 2961 1378 nuntiis

715 1426 1115 1488 dedicamus,
1189 1425 1405 1488 Habet
1475 1425 1790 1487 sanctitas
1854 1417 1980 1486 sua
2034 1422 2192 1501 quid
2246 1439 2418 1503 opus
2482 1424 2564 1485 sit
2628 1425 2960 1503 explorare

718 1542 782 1596 et
829 1533 1169 1614 imperare,
1234 1544 1532 1596 nostrum
1598 1538 1821 1594 autem
1867 1530 2162 1594 officium
2209 1537 2308 1593 est
2353 1548 2577 1611 parere
2624 1537 2688 1593 et
2736 1548 2959 1609 quam-

718 1658 918 1720 quam
985 1641 1147 1703 alias
1213 1640 1534 1702 sanctitati
1607 1655 1729 1701 sue
1804 1639 2191 1701 obtulimus·
2230 1645 2526 1701 terrestre
2595 1638 2962 1701 subsidium

718 1747 1010 1827 equiturn
1057 1749 1338 1810 duorum
1386 1746 1655 1809 millium
1689 1753 1753 1808 et
1784 1746 2074 1826 peditum
2105 1747 2296 1824 mille,
2345 1764 2514 1826 quos
2554 1746 2679 1808 iam
2714 1745 2959 1826 pridem

719 1863 986 1934 paratos
1052 1863 1115 1917 et
1180 1855 1419 1935 optime
1483 1855 1836 1917 instructos
1898 1854 1984 1916 ad
2047 1856 2189 1929 eius
2256 1854 2439 1917 iussa
2503 1855 2834 1916 tenuimus
2896 1861 2963 1914 et

714 1967 1039 2038 tenemuS‚
1059 1969 1280 2025 tamen
1313 1980 1431 2042 pro
1452 1961 1576 2024 hac
1601 1969 1735 2024 tam
1762 1963 2034 2042 urgenti,
2067 1969 2335 2041 tamque
2367 1963 2735 2024 necessaria
2766 1979 2958 2042 expe-

714 2070 957 2132 ditione
1003 2071 1057 2132 si
1105 2069 1404 2132 meliores
1450 2075 1638 2133 erunt
1685 2076 1896 2133 status
1944 2070 2145 2132 nostri
2179 2058 2582 2133 conditiones
2615 2087 2957 2132 numerum

716 2178 930 2257 ipsum
978 2178 1367 2257 augebimus
1413 2184 1478 2239 et
1526 2177 1857 2258 copiosius
1904 2175 2182 2258 agemus
2215 2183 2533 2257 quantum
2574 2178 2764 2239 nobis
2810 2194 2959 2256 pos—

715 2286 894 2348 sibile
946 2287 1088 2361 erit;
1138 2286 1360 2364 sicque
1405 2293 1468 2347 et
1499 2286 1892 2347 desiderium
1941 2292 2237 2348 nostrum
2288 2291 2352 2347 et
2397 2285 2693 2347 ardorem
2743 2291 2958 2347 osten—

716 2394 971 2470 demuS,
1024 2392 1201 2472 quod
1249 2393 1559 2454 maiestas
1605 2399 1827 2454 vestra
1875 2393 2200 2471 ceterique
2266 2392 2591 2454 christiani
2636 2391 2960 2471 principes

718 2518 785 2562 re
833 2501 974 2580 ipsa
1020 2500 1370 2580 intelligent
1415 2517 1457 2561 a
1502 2501 1697 2562 latere
1736 2507 1962 2562 nostro
2008 2499 2162 2562 nihil
2197 2498 2529 2576 deffuisse‚
2578 2501 2755 2579 quod
2798 2500 2961 2579 opti-

716 2626 898 2670 mum
950 2608 1371 2670 christianum
1433 2614 1497 2669 et
1561 2607 1953 2670 catholicum
2021 2609 2263 2670 deceat.
2327 2606 2576 2670 Exacte
2622 2614 2777 2670 sunt
2821 2625 2959 2687 pre-

716 2723 894 2777 terea
958 2715 1207 2777 decime
1272 2716 1336 2776 in
1403 2715 1530 2777 hac
1594 2721 1817 2779 nostra
1882 2715 2123 2778 ditione
2179 2732 2455 2778 numero
2506 2715 2769 2794 quidem
2823 2732 2958 2777 non

718 2822 1025 2885 mediocri
1073 2823 1248 2885 omni
1308 2829 1533 2886 nostro
1582 2822 1826 2900 favore,
1877 2823 2190 2899 subsidio,
2240 2831 2434 2902 atque
2481 2822 2719 2885 auxilio
2767 2829 2829 2885 et
2872 2823 2959 2884 ad

718 2930 901 2993 iussa
931 2932 1289 3011 apostolica
1320 2931 1622 3009 exhibite,
1651 2932 2030 3011 paravitque
2065 2931 2293 2993 eadem
2327 2932 2638 2992 sanctitas
2681 2932 2959 2993 classem

719 3046 782 3100 et
829 3039 969 3101 eius
1015 3047 1264 3119 partem
1311 3040 1439 3101 iam
1488 3030 1660 3101 misit
1705 3056 1938 3101 versus
1986 3038 2340 3100 infidelium
2389 3039 2557 3100 fines
2594 3046 2669 3100 ut
2699 3037 2961 3100 hostem

718 3147 1009 3222 divertat,
1057 3146 1242 3225 sique
1289 3163 1404 3225 per
1451 3152 1688 3208 etatem
1722 3147 1940 3208 liceret
1985 3146 2074 3207 ita
2119 3147 2478 3208 vehemens
2528 3153 2627 3207 est
2674 3146 2958 3225 spiritus,

718 3254 896 3333 quod
952 3255 1118 3315 ultro
1166 3270 1316 3315 sese
1353 3260 1548 3331 ‚tante
1596 3254 1750 3316 moli
1798 3254 2073 3316 barbare
2130 3254 2466 3331 imisceret‚
2515 3252 2689 3315 Italie
2735 3258 2961 3334 poten-

718 3369 893 3424 tatus
958 3378 1190 3424 omnes
1238 3362 1492 3436 excitat,
1543 3360 1827 3440 nihilque
1892 3361 2369 3441 pretermittitur
2422 3362 2506 3422 ad
2555 3362 2728 3427 hanc
2774 3378 2960 3423 sanc-

717 3469 1034 3531 tissimam
1082 3469 1559 3548 expeditionem
1607 3468 2168 3546 quemadmodum
2215 3470 2628 3533 serenitatem
2674 3475 2959 3530 vestram

719 3593 849 3638 non
899 3578 1094 3637 latere
1146 3576 1546 3638 arbitramur.
1611 3577 1799 3638 Bono
1847 3576 1993 3639 ideo
2058 3577 2335 3655 sortique
2391 3576 2611 3637 animo
2659 3575 2742 3637 sit
2787 3575 2963 3654 regia
3044 3638 3049 3647 ,

717 3689 935 3746 vestra
1000 3684 1309 3745 maiestas
1374 3701 1494 3745 nec
1561 3684 1822 3747 hostem
1887 3683 2208 3761 formidet,
2276 3685 2393 3745 sed
2465 3683 2584 3745 sibi
2660 3683 2959 3745 nimirum

718 3790 1109 3869 persuadeat
1158 3808 1538 3871 supremum
1573 3791 1772 3854 deum
1819 3791 2242 3853 christianum
2274 3791 2541 3853 tandem
2584 3791 2961 3853 miseratum

719 3898 1156 3960 conditionem
1204 3900 1286 3960 ab
1336 3899 1480 3978 ipso
1528 3899 1952 3979 spurcissimo
2000 3900 2190 3961 hoste
2239 3900 2490 3961 debitas
2528 3915 2737 3978 penas
2775 3915 2960 3960 exac-

718 4012 955 4067 turum.
1029 4005 1366 4084 Reliquum
1414 4012 1515 4068 est
1562 4006 2100 4068 excellentissime
2147 4007 2468 4086 princepS,
2521 4007 2699 4084 quod
2748 4015 2959 4068 vestra

718 4114 1032 4174 serenitas
1080 4130 1198 4193 pro
1253 4131 1497 4191 amore,
1545 4114 1675 4175 fide
1725 4121 1788 4175 et
1836 4113 2250 4176 observantia
2297 4115 2535 4193 quibus
2583 4114 2664 4176 illi
2713 4115 2958 4175 dudum

720 4220 935 4282 affecti
1005 4239 1241 4283 sumus
1289 4221 1479 4283 nobis
1542 4228 1606 4282 et
1670 4222 1868 4283 rebus
1935 4220 2173 4285 nostris
2238 4240 2355 4300 pro
2420 4222 2678 4283 arbitrio
2726 4227 2959 4297 utatur,

718 4327 827 4404 qui
877 4344 1111 4389 sumus
1162 4329 1225 4389 in
1273 4345 1469 4391 omne
1519 4328 1724 4390 decus
1773 4335 1835 4389 et
1884 4329 2377 4409 amplitudinem
2408 4335 2694 4390 vestram
2724 4327 2963 4406 ubique

718 4435 1132 4513 paratissimi,
1183 4436 1417 4514 cuique
1465 4436 1950 4498 accuratissime
1999 4454 2123 4498 nos
2171 4437 2736 4499 commendamus.

935 4574 1154 4625 Miiamsi
1193 4562 1252 4626 Ᾰ.
1297 4576 1350 4626 L.
1392 4574 1444 4628 P.
1485 4576 1541 4625 E.
1584 4576 1819 4627 Diversa.
