3475 5200
1418 321 1806 375 -471—

486 545 734 600 intrandi
783 550 838 598 et
883 544 1131 599 exeundi
1180 559 1315 599 nam
1365 543 1502 599 fessi
1550 559 1623 598 ex
1670 551 1859 598 castro
1910 544 2141 611 abeunt,
2194 555 2448 599 recentes
2504 547 2728 611 intrant,

486 659 540 706 et
586 652 671 706 sic
718 651 869 707 hosti
914 651 1280 706 vehementer
1325 650 1556 721 quidem
1606 651 1961 721 oppugnanti
2010 651 2309 706 resistitur.

698 776 762 831 Si
808 777 993 832 maior
1038 776 1291 846 equitum
1341 791 1616 831 numerus
1673 783 1825 831 esset
1880 777 1993 831 iam
2052 776 2291 846 prelium
2352 779 2552 831 fuisset
2600 791 2732 831 con-

487 890 699 938 sertum
748 899 883 939 narn
923 884 1178 953 peditum
1226 883 1366 937 satis
1400 889 1486 937 est
1519 898 1767 953 magnus
1814 898 2091 939 numerus
2140 884 2306 951 adeO,
2360 891 2420 939 ut
2468 883 2732 939 sit-mira-

485 993 679 1045 culum
745 1006 879 1046 nam
945 990 1095 1045 sicut
1159 1005 1363 1045 cervus
1415 990 1713 1045 desiderat
1776 992 1849 1045 ad
1916 991 2107 1046 fontes
2155 1001 2452 1060 aquarum,
2516 991 2588 1043 ita
2640 991 2732 1043 hic

484 1099 725 1153 devotus
772 1103 826 1152 et
871 1097 1033 1153 fortis
1082 1098 1333 1169 populus
1378 1097 1603 1152 videtur
1648 1097 1802 1153 sitire
1849 1097 2209 1153 Turchorum
2270 1099 2608 1167 sanguinem
2660 1099 2732 1151 ad

484 1206 724 1259 salutem
773 1205 970 1276 populi
1018 1204 1315 1260 christiani
1363 1211 1416 1259 et
1462 1204 1637 1259 huius
1684 1206 1862 1274 regni.

698 1328 837 1385 Post
905 1345 1152 1384 messem
1223 1330 1522 1385 collectam
1590 1330 1838 1385 creditur
1906 1330 2380 1387 innumerabilem
2454 1331 2728 1399 populum

485 1437 885 1505 adventurum,
954 1436 1084 1490 ideo
1142 1436 1655 1492 reverendissimus
1704 1437 1978 1493 dominus
2039 1439 2259 1507 legatus
2325 1439 2528 1491 ducem
2580 1455 2732 1491 exer-

483 1543 630 1597 citus
677 1542 977 1599 dominum
1044 1545 1478 1613 gubernatorem
1536 1550 1667 1599 ante
1722 1560 2017 1599 recessum
2075 1560 2247 1600 suum
2296 1543 2612 1611 admonuit,
2676 1555 2732 1599 ut

482 1650 532 1704 si
578 1650 698 1705 fieri
745 1658 943 1721 posset
991 1666 1176 1720 usque
1223 1651 1296 1706 ad
1351 1652 1561 1707 festum
1612 1650 2030 1723 assumptionis
2097 1647 2260 1707 beate
2305 1652 2484 1707 Mat-ie
2540 1667 2728 1723 slipen
2752 1663 2860 1703 uus-:-
2897 1655 2961 1695 15-

482 1756 703 1813 sederet
721 1773 929 1813 manus
954 1773 1275 1827 conserere,
1298 1758 1434 1829 quia
1454 1760 1604 1814 hosti
1627 1775 1791 1815 mora
1810 1775 2002 1815 nocua
2033 1758 2360 1815 christianis
2384 1759 2536 1815 utilis
2556 1767 2724 1823 esa-miss

482 1862 809 1920 existimant
873 1864 951 1920 hii
1017 1866 1115 1935 qui
1183 1882 1255 1921 ex
1320 1867 1520 1921 castris
1587 1867 1844 1922 scribunt
1906 1866 2170 1922 Turchos
2236 1866 2452 1921 diutius
2508 1883 2724 1919 moram

479 1970 622 2026 ferre
669 1988 788 2028 non
837 1987 1030 2041 posse,
1081 1973 1293 2027 nollem
1340 1980 1635 2043 propterea
1667 1989 1769 2029 eos
1826 1975 1925 2045 qui
1971 1972 2195 2029 venturi
2254 1983 2384 2028 sunt
2437 1975 2724 2039 retardari,

481 2077 621 2148 quia
666 2095 965 2153 nunquam
1014 2079 1123 2134 fuit
1167 2086 1388 2135 tantum
1437 2095 1693 2157 necesse,
1746 2096 1919 2151 quam
1940 2081 2014 2151 (?)
2062 2097 2240 2136 nunc.

695 2203 956 2275 Quedam
1021 2221 1217 2275 pugna
1280 2206 1389 2261 fuit
1453 2207 1767 2262 commissa
1830 2212 1959 2262 ante
2017 2212 2269 2262 castrum
2325 2223 2424 2276 per
2472 2223 2572 2259 eos
2632 2207 2724 2275 qui

481 2317 782 2382 eruperant
829 2315 899 2366 de
965 2312 1177 2367 nostris
1242 2319 1443 2368 contra
1505 2312 1789 2381 TurclmS,
1840 2314 1898 2367 in
1945 2329 2063 2383 qua
2116 2328 2314 2383 pugna
2368 2319 2612 2383 quatuor
2660 2315 2728 2367 de

481 2417 696 2474 nostris
741 2425 958 2474 tantum
1004 2419 1327 2487 amisimuS,
1377 2422 1480 2475 sed
1519 2421 1587 2474 de
1636 2420 1903 2475 hostibus
1962 2420 2123 2474 multi
2173 2420 2352 2475 occisi
2404 2431 2452 2475 et
2504 2419 2728 2475 misera-

483 2524 666 2581 biliter
710 2527 990 2581 vulnerati
1040 2533 1194 2581 sunt.

692 2648 756 2705 In
822 2651 913 2705 die
980 2652 1141 2706 beate
1204 2651 1384 2706 Marie
1450 2652 1794 2721 Magdalena
1862 2653 2111 2709 Wienne
2161 2655 2572 2724 proclamatum
2624 2659 2724 2719 est,
2764 2651 2852 2707 ΓΞ]ὑ
2876 2651 2945 2695 23.

478 2759 634 2827 quod
667 2757 766 2828 qui
796 2760 918 2813 vult
949 2758 1157 2813 habere
1200 2759 1549 2830 stipendium
1581 2768 1783 2815 contra
1812 2759 2095 2829 Turchos‚
2131 2762 2303 2816 vadat
2344 2764 2412 2816 ad
2456 2764 2728 2816 illustrem

477 2864 742 2920 comitem
793 2863 952 2933 Cilie‚
1003 2866 1139 2935 quia
1186 2865 1534 2936 stipendium
1583 2866 1800 2921 bonum
1850 2868 2097 2922 habebit.

693 2989 777 3045 Ex
843 2990 1142 3060 Maguntia
1196 2997 1250 3046 et
1296 2990 1422 3046 aliis
1488 2991 1744 3062 partibus
1791 2991 2094 3046 Alamanie
2149 3004 2428 3045 venerunt
2488 2992 2616 3044 boni
2680 3000 2728 3044 et

478 3097 622 3150 bene
669 3098 870 3152 armati
918 3097 1302 3166 crucesignati
1350 3098 1447 3167 qui
1497 3104 1632 3153 sunt
1686 3098 1957 3153 Wienne.

691 3220 777 3277 Ex
809 3222 1063 3277 Wienna
1097 3224 1258 3278 multi
1290 3224 1520 3278 venient
1568 3225 1665 3293 qui
1699 3240 1876 3295 prope
1925 3224 2078 3279 diem
2129 3227 2368 3280 aderunt
2420 3228 2528 3280 inm
2572 3240 2728 3280 nunt:

477 3343 672 3383 comes
719 3329 1007 3398 palatinus
1054 3331 1368 3398 nunciavit,
1419 3333 1576 3401 quod
1616 3332 1786 3387 hodie
1833 3331 2063 3387 venient
2108 3332 2331 3386 Budam
2392 3332 2728 3400 septingenti

477 3437 772 3490 studentes
816 3436 959 3491 bene
1009 3437 1228 3504 armati,
1280 3437 1451 3493 hodie
1500 3438 1594 3493 CL
1633 3441 1976 3494 excellenter
2022 3439 2222 3494 armati
2254 3455 2324 3494 ex
2356 3440 2728 3492 Rodiensibus

477 3542 812 3598 discessere.

690 3666 828 3722 Item
864 3685 934 3723 ex
975 3672 1226 3740 quadam
1259 3672 1396 3725 villa
1434 3671 1661 3741 triginta
1701 3672 1931 3727 venient
1978 3672 2276 3742 quothidie
2325 3676 2480 3726 multi
2536 3688 2724 3724 eruce*

475 3773 743 3843 Signanti,
795 3776 1063 3831 mulieres
1112 3778 1287 3832 multe
1334 3778 1490 3832 viros
1541 3778 1664 3833 suis
1712 3778 1984 3850 expensis
2034 3778 2280 3838 mittunt,

687 3908 774 3963 Ex
822 3909 988 3965 Buda
1032 3909 1220 3966 XXVI
1265 3912 1418 3967 Julii.
2760 3900 2945 4024 11ξὲὲὲ

689 4098 905 4151 Miliinoi
945 4089 1002 4152 Ᾰ.
1047 4103 1101 4154 L.
1142 4104 1194 4154 P.
1237 4103 1292 4153 E.
1335 4103 1612 4167 Ungheria.
