3475 5200
1360 409 1708 461 ..95-

410 635 618 691 tatum
666 629 1019 708 Georgium
1067 628 1419 708 dezpotum
1466 629 1551 690 ad
1598 637 1869 692 octavas
1918 629 2062 691 sesti
2108 629 2278 716 beati
2325 629 2657 691 Michaelis

412 736 782 815 archangeli
836 753 1013 798 nunc
1069 736 1322 800 venturi
1376 744 1589 799 vestre
1657 736 2068 799 sublimitatis
2136 743 2526 798 evocassent
2592 737 2654 796 in
2732 725 2837 770 ¹43³

413 844 823 924 presentiam,
881 844 1194 924 rationem
1243 843 1322 904 de
1377 843 1712 924 premissis
1768 843 2068 905 reddituri
2126 843 2250 905 litis
2314 842 2656 922 pendentis
2703 799 2798 842 οη
2827 798 2856 841 ⁶

412 956 535 1011 ete.
586 949 828 1012 Datum
873 951 1057 1012 tertio
1104 951 1226 1027 die,
1275 967 1452 1012 anno
1499 950 1740 1013 domini
1789 950 2179 1031 supradicto.
2713 940 2860 1068 ἑῇ.

627 1056 749 1119 Pro
797 1058 1016 1119 illustri
1063 1058 1346 1137 principe
1393 1057 1659 1120 domino
1707 1056 1990 1135 Georgio
2038 1059 2318 1138 dezpoto
2367 1057 2654 1137 Rasscye
2750 1066 2815 1110 12·

416 1172 640 1226 contra
684 1164 1080 1242 Ladislaum‚
1128 1164 1511 1227 Michaelem
1558 1165 1767 1227 Jakeh
1797 1165 1880 1228 de
1914 1165 2137 1228 Kwsal
2184 1184 2263 1227 ac
2309 1163 2654 1227 Martinum

417 1272 497 1334 de
541 1272 882 1352 Langadar
913 1290 1110 1352 super
1140 1273 1315 1335 facto
1347 1273 1846 1337 constructionis
1884 1279 1949 1335 et
1984 1272 2408 1335 edificationis
2442 1273 2655 1335 cuius-

416 1378 566 1440 dam
611 1397 785 1443 nove
829 1381 975 1443 ville
998 1380 1063 1442 in
1096 1379 1381 1461 quadam
1429 1382 1593 1442 valle
1639 1380 1804 1442 intra
1843 1388 2053 1446 metas
2101 1380 2373 1441 civitatis
2404 1380 2655 1458 Beregh

417 1487 746 1550 nominate
815 1488 1214 1567 inquisitoria
1276 1495 1340 1550 et
1402 1489 1486 1549 ad
1552 1479 1821 1550 octavas
1884 1488 2029 1550 festi
2084 1486 2255 1584 beati
2323 1487 2656 1549 Michaelis

417 1594 784 1673 archangeli
832 1596 1217 1675 evocatoria.
2431 1631 2435 1636 .
2703 1582 2855 1699 0³:336

630 1734 855 1796 Eredeti,
892 1736 1060 1800 papir,
1099 1733 1331 1788 zarlatan
1367 1733 1551 1800 pecset
1586 1734 1952 1787 toredekeivel.
2012 1736 2216 1800 Lelesz,
2262 1741 2497 1787 actorum
2536 1737 2657 1786 anni

427 1824 573 1875 1433.
613 1824 702 1876 Nr.
746 1827 827 1875 11.
1308 1851 1320 1878 s

1401 1989 1671 2054 CLXIX.

1045 2163 1463 2243 Srebernica,
1511 2165 1708 2233 1433.
1748 2164 1878 2249 jul.
1926 2167 2036 2231 19.

421 2306 735 2358 Brankovics
773 2309 1008 2375 Gybrgy‚
1045 2307 1165 2359 πάσι
1205 2311 1459 2375 deszpota
1496 2310 1762 2372 elrendeli,
1816 2311 1961 2376 hogy
2001 2327 2029 2360 a
2070 2311 2188 2361 neki
2245 2309 2658 2376 adomitnyozott

422 2394 718 2447 Debreczen
755 2396 948 2448 viu-osa
983 2415 1014 2449 a
1053 2399 1338 2464 Zsigmond
1377 2397 1540 2463 kiraly
1576 2398 1697 2449 §Ital
1735 2395 2115 2465 megallapitott
2152 2396 2405 2450 soldest‘lri
2444 2405 2660 2450 censust

419 2484 594 2551 tfinyai
629 2485 916 2553 varnagya,
974 2488 1154 2539 Geszti
1191 2487 1391 2554 Mihissy
1429 2491 1495 2538 fia
1550 2486 1758 2552 Leiszlo,
1816 2490 2033 2540 kezeibe
2071 2490 2261 2540 fizesse
2297 2490 2372 2550 le3
2426 2487 2662 2541 tovabba

422 2577 681 2640 elrendeli‚
721 2578 867 2643 hogy
903 2594 934 2629 a
973 2580 1286 2631 debreczeni
1321 2577 1578 2645 polgdrok
1615 2580 1778 2644 poros
1835 2580 2084 2645 iigyeiket
2120 2595 2153 2630 a
2188 2577 2364 2630 varosi
2401 2576 2660 2630 tanficstol

424 2682 538 2717 nem
575 2683 607 2717 a
643 2668 804 2719 budai
831 2666 1007 2720 varosi
1043 2668 1347 2734 tanacshoz,
1386 2671 1573 2721 hanem
1613 2684 1675 2719 az
1714 2667 1749 2718 6
1784 2667 2316 2732 tsimokmesterehez,
2355 2668 2665 2735 ett61pedig

1170 2757 1203 2809 6
1240 2757 1464 2824 hozzaja
1500 2756 1790 2822 terjesszek
1826 2757 1911 2809 sel.

635 2884 956 2967 Georgius
1003 2887 1104 2950 dei
1150 2889 1354 2967 gratia
1408 2888 1585 2968 regni
1635 2886 1862 2949 Rascie
1918 2888 2235 2967 despotus
2282 2895 2345 2950 et
2390 2887 2662 2950 Albanie

423 2992 729 3056 dominus
758 3002 879 3057 etc.
925 2995 1183 3057 Dilectis
1231 2996 1420 3058 nobis
1467 2993 1656 3058 iudici
1702 2995 1926 3057 iuratis
1958 3002 2022 3057 et
2048 2995 2367 3056 universis
2414 2995 2664 3056 civibus

422 3106 484 3162 et
514 3101 743 3164 incolis
771 3120 850 3164 ac
883 3102 1248 3183 hospitibus
1296 3104 1532 3166 nostris
1571 3102 1653 3187 de
1683 3102 2063 3164 Debreczen
2110 3102 2430 3164 sinceram
2475 3101 2660 3162 dilec-

422 3207 663 3271 tionem
729 3226 880 3271 cum
947 3212 1173 3273 salute.
1253 3210 1575 3277 Noveritis
1640 3228 1766 3272 nos
1832 3210 2337 3289 circumspectos
2402 3214 2664 3270 nostros

421 3313 788 3379 Johannem
836 3317 1072 3379 Zwrok
1118 3318 1394 3381 iudicem
1441 3327 1732 3381 vestrum
1782 3315 2133 3397 specialem
2180 3323 2242 3377 et
2270 3315 2662 3377 'Michaelem

425 3421 618 3485 Barta
648 3423 858 3488 dictos
895 3432 1184 3488 vestrum
1230 3426 1510 3491 iuratum
1556 3424 1820 3487 nuntios
1868 3424 2108 3487 scilicet
2152 3429 2408 3484 vestros
2454 3423 2663 3484 excel-

421 3531 815 3610 lentiamque
834 3540 1123 3595 nostram
1143 3533 1563 3595 transmissos
1573 3532 1855 3612 benigne
1865 3537 2248 3610 acceptasse
2261 3546 2662 3608 muneraque

423 3638 603 3699 varia
647 3654 762 3718 per
791 3656 913 3702 vos
960 3646 1179 3701 nostre
1227 3640 1598 3702 excellentie
1646 3639 2031 3701 transmissa
2078 3644 2139 3698 et
2176 3636 2370 3697 allata
2409 3643 2664 3715 gratan-

422 3752 520 3806 ter
549 3745 894 3833 recepisse,
926 3747 1282 3826 legationes
1330 3747 1523 3808 etiam
1569 3752 1824 3809 vestras
1871 3760 2036 3807 sano
2075 3743 2454 3823 collegimus
2487 3743 2662 3804 intel-

422 3852 615 3915 lectu.
649 3853 819 3914 Inter
838 3860 1051 3916 cetera
1074 3855 1599 3934 supplicaverunt
1618 3854 1811 3917 nobis
1840 3854 1905 3914 in
1937 3868 2163 3915 eorum
2197 3867 2278 3911 ac
2300 3857 2662 3911 vestrorum

426 3959 719 4038 personis
767 3960 990 4023 humili
1037 3979 1304 4041 precum
1354 3979 1506 4023 cum
1553 3961 1880 4037 instantia,
1930 3968 2003 4021 ut
2050 3959 2356 4021 collectas
2405 3963 2664 4019 nostras

430 4084 548 4128 seu
595 4068 783 4129 dacia
826 4075 1137 4131 annatum
1188 4075 1408 4132 nostre
1453 4068 1789 4132 illustritati
1827 4068 1910 4130 de
1940 4065 2155 4128 medio
2200 4066 2397 4127 vestri
2443 4081 2664 4144 perve-

435 4175 562 4236 nire
593 4175 907 4239 debentes
938 4175 1118 4238 iuxta
1149 4177 1578 4240 continentias
1625 4177 1951 4238 literarum
1998 4172 2310 4252 regalium
2356 4171 2666 4251 privilegi-

436 4281 626 4344 alium
668 4299 789 4362 per
834 4283 1321 4346 serenissimum
1378 4284 1727 4364 principem
1787 4283 2126 4346 dominum
2174 4276 2667 4359 sigismundum

439 4389 532 4452 dei
560 4394 763 4471 gratia
793 4392 1236 4459 Romanorum
1269 4410 1486 4472 regem
1526 4408 1786 4472 semper
1815 4397 2172 4470 augustum
2203 4407 2283 4451 ac
2316 4386 2667 4467 Hungarie‚

438 4497 760 4578 Bohemie‚
792 4500 1129 4578 Dalmatie,
1178 4499 1432 4564 Croatie
1479 4508 1602 4561 etc.
1650 4516 1869 4578 regem
1900 4497 2089 4559 vobis
2118 4511 2437 4577 generose
2469 4495 2670 4557 dona-

437 4613 639 4670 tarum
671 4615 736 4670 et
766 4610 1145 4671 collatarum
1175 4624 1390 4687 super,
1425 4624 1545 4669 vos
1577 4605 1768 4686 recipi
1801 4612 1863 4666 et
1895 4605 1976 4666 de
2007 4603 2223 4666 medio
2270 4602 2465 4666 vestri
2502 4601 2670 4680 exigi
