3475 5200
1726 366 1796 378 —
1873 339 1976 393 156
2052 368 2115 378 --

795 558 995 637 Ordo,
1045 560 1297 623 Derzen
1345 561 1408 622 in
1449 558 1674 638 Bereg,
1724 560 1877 620 item
1926 558 2282 639 Zerednye,
2331 559 2584 638 IgnecZ,
2633 559 3045 640 Chamonya,

796 667 1126 746 Dobroka‚
1189 666 1521 748 Orlyowa,
1581 667 1866 746 Hodly0‚
1926 665 2286 746 Monyoros
2333 674 2397 728 et
2442 667 2928 747 Lengyelsalwa
2984 669 3047 730 in

795 773 952 854 Ung
1015 775 1431 838 comitatibus
1507 775 1863 838 existentes
1928 782 1991 837 et
2056 774 2333 852 habitaS,
2412 774 2626 854 ibique
2706 775 3077 844 universas,

795 882 1087 964 pecudes
1155 890 1219 944 et
1292 900 1531 963 pecora
1594 900 1674 944 ac
1745 882 1870 943 alia
1940 882 2170 961 quevis
2247 882 2551 943 animalia
2625 883 3045 963 iobagionum

793 988 944 1052 dicti
992 987 1278 1052 Simonis
1324 990 1675 1053 simulcum
1721 989 2030 1051 omnibus
2076 989 2217 1052 aliis
2255 990 2452 1052 rebus
2488 995 2553 1052 et
2589 990 2781 1053 bonis
2818 1008 3045 1053 eorun-

795 1096 946 1159 dem
984 1097 1404 1176 iobagionum
1444 1097 1751 1158 domibus
1789 1097 2081 1176 ipsorum
2120 1096 2386 1174 repertis
2425 1104 2489 1158 et
2516 1095 2796 1159 inventis
2833 1097 3044 1180 recipi,

793 1204 1029 1266 auferri
1068 1213 1131 1267 et
1169 1199 1418 1285 depelli,
1464 1212 1527 1266 et
1565 1204 1743 1283 quod
1784 1203 2068 1266 deterius
2101 1211 2297 1279 esset,
2337 1211 2488 1283 post
2519 1203 3044 1284 depredationem

793 1319 859 1373 et
926 1312 1317 1374 ablationem
1394 1313 1719 1374 bonorum
1795 1311 2189 1391 populorum
2267 1317 2330 1371 et
2406 1310 2825 1390 iobagionum
2898 1312 3044 1374 dicti

795 1416 1083 1481 Simonis
1130 1420 1520 1499 prescriptas
1577 1420 2041 1500 possessiones
2088 1435 2203 1498 per
2248 1419 2628 1497 voraginem
2687 1419 2854 1497 ignis
2900 1435 3042 1480 suc-

795 1525 982 1588 cendi
1029 1527 1289 1606 penitus
1336 1535 1399 1588 et
1446 1544 1561 1606 per
1606 1526 1827 1587 omnia
1874 1526 2168 1587 comburi
2204 1534 2267 1587 et
2304 1526 2703 1588 concremari
2741 1525 3043 1588 fecissent

797 1634 1086 1714 potentia
1142 1633 1488 1708 mediante,
1539 1633 1602 1695 in
1650 1633 2076 1713 preiudicium
2123 1632 2273 1695 dicti
2320 1630 2631 1711 Symonis
2681 1631 3043 1712 valdemag-

796 1758 975 1803 num.
1042 1741 1186 1820 Que
1233 1742 1328 1803 sic
1383 1741 1557 1803 facta
1603 1740 1740 1802 fore
1789 1740 2296 1802 exhibitionibus
2374 1739 2785 1819 quarundam
2855 1741 3041 1801 trium

795 1847 1121 1909 literarum
1188 1848 1754 1928 inquisitoriarum‚
1810 1848 2007 1910 unius
2054 1855 2267 1910 vestre
2332 1854 2397 1909 et
2460 1848 2723 1910 alterius
2788 1847 3042 1926 capituli

798 1955 1070 2017 ecclesie
1139 1955 1493 2034 Agriensis‚
1572 1972 1832 2018 necnon
1911 1955 2090 2017 tertie
2154 1954 2553 2053 vicecomitis
2620 1961 2683 2016 et
2760 1953 3041 2015 iudicum

798 2063 1113 2125 nobilium
1162 2063 1511 2125 comitatus
1558 2061 1639 2123 de
1686 2061 1884 2142 Vngh
1934 2062 2060 2125 sub
2108 2079 2243 2124 uno
2291 2078 2495 2124 sensu
2542 2069 2605 2124 et
2651 2061 2862 2123 forma
2906 2077 3043 2122 ver-

796 2171 1027 2231 barum
1074 2170 1476 2250 loquentium
1521 2169 1711 2232 nobis
1750 2169 1834 2231 ad
1872 2169 2244 2231 amicabiles
2291 2177 2549 2231 nostras
2597 2167 3042 2247 requisitiones

798 2278 1250 2357 rescriptarum
1301 2278 1363 2340 in
1412 2277 1684 2339 diversis
1739 2276 2029 2339 terminis
2086 2283 2536 2338 emanatarum
2601 2275 3039 2339 confectarum

797 2383 1008 2446 eidem
1066 2386 1266 2447 actori
1315 2402 1398 2446 ex
1445 2393 1624 2464 parte
1680 2384 1829 2447 dicti
1886 2383 2206 2446 Johannis
2262 2401 2376 2463 per
2432 2400 2557 2445 nos
2604 2382 2666 2445 in
2714 2383 3042 2463 premissis

801 2491 955 2554 iuris
1002 2493 1224 2572 petivit
1269 2491 1593 2572 impartiri.
1635 2491 1787 2570 Quo
1824 2491 2048 2553 audito
2087 2491 2461 2553 Anthonius
2498 2490 2581 2555 de
2619 2490 2883 2553 Nabrad
2928 2506 3041 2570 pro

797 2600 1086 2662 antefato
1131 2600 1431 2662 Johanne
1470 2599 1550 2661 de
1591 2599 1847 2661 Chahol
1886 2617 2038 2661 cum
2087 2599 2542 2679 procuratoriis
2577 2600 2771 2662 literis
2810 2600 3041 2662 nostris

797 2706 860 2768 in
901 2715 1191 2768 nostram
1239 2724 1564 2787 exurgens
1612 2708 2004 2787 presentiam
2044 2707 2374 2787 respondit
2411 2724 2494 2768 ex
2531 2707 2831 2783 adverso,
2869 2708 3040 2786 quod

797 2813 967 2875 idem
1014 2812 1350 2877 Johannes
1388 2813 1451 2875 in
1491 2815 1665 2876 totali
1713 2814 2033 2894 premissa
2078 2814 2334 2877 actione
2372 2822 2435 2876 et
2473 2813 2860 2892 aquisitione
2898 2814 3039 2876 dicti

795 2920 994 2982 actori
1043 2921 1359 2983 innocens
1406 2929 1583 2984 esset
1630 2922 1890 3001 penitus
1937 2929 2000 2983 et
2047 2923 2383 2983 immunus
2429 2929 2493 2983 et
2530 2921 2594 2983 in
2643 2938 2722 2984 eo
2762 2921 3040 2984 eundem

794 3028 879 3090 ad
937 3027 1286 3090 veridicam
1352 3029 1833 3091 attestationem
1899 3028 2259 3090 vicinorum
2317 3036 2380 3090 et
2444 3036 3038 3091 commetaneorum

796 3137 1108 3200 nobilium
1157 3138 1657 3218 prescriptarum
1705 3139 2205 3217 possessionum
2246 3137 2691 3215 nobiliumque
2726 3136 3038 3198 dictorum

794 3246 1140 3309 amborum
1207 3246 1636 3308 comitatuum
1695 3246 1777 3307 de
1833 3243 2039 3323 Bereg
2097 3253 2160 3306 et
2217 3245 2298 3306 de
2356 3244 2535 3325 an
2590 3261 2704 3324 per
2768 3244 3040 3306 formam

797 3354 1168 3416 communis
1216 3353 1667 3432 inquisitionis*
1693 3352 1979 3414 fiendam
2016 3353 2418 3414 committere
2462 3353 2626 3415 velle
2665 3350 3039 3431 prefatoque

794 3467 1210 3540 procuratore
1268 3460 1415 3522 dicti
1474 3460 1711 3522 actoris
1773 3458 2057 3521 eundem
2107 3460 2170 3521 in
2217 3459 2472 3521 actione
2529 3477 2653 3521 sua
2708 3466 3041 3540 prenotata

795 3569 878 3629 ad
918 3576 1210 3630 nostram
1256 3568 1654 3631 iudiciariam
1702 3568 2187 3647 requisitionem
2235 3567 2319 3628 ad
2367 3567 2578 3647 ipsam
2626 3583 3038 3629 communem

794 3676 1275 3755 inquisitionem
1342 3676 1660 3738 benevole
1726 3675 2217 3737 submittentem
2277 3676 2610 3737 referebat.
2679 3675 2783 3736 Ad
2848 3691 3038 3753 quam

793 3783 1158 3845 faciendam
1205 3783 1354 3863 regii
1377 3792 1440 3846 et
1458 3784 1654 3845 vestri
1693 3783 1996 3846 homines
2018 3784 2390 3846 necessario
2431 3782 2769 3845 transmitti
2810 3782 3039 3844 debere

791 3890 1196 3952 videbantur.
1231 3890 1354 3952 Pro
1375 3907 1458 3952 eo
1490 3899 1776 3953 vestram
1797 3890 2141 3952 amicitiam
2168 3891 2578 3970 presentibus
2598 3890 2881 3970 petimus
2912 3886 3039 3950 dili·

791 4005 1035 4076 genter,
1059 4005 1386 4077 quatenus
1406 4006 1662 4061 vestros
1682 3998 1948 4060 mittatis
1971 3997 2273 4060 homines
2294 4014 2411 4076 pro
2431 3998 2720 4076 utrisque
2753 3996 3039 4075 partibus

793 4123 911 4185 pro
925 4105 1294 4168 testimonio
1317 4104 1702 4184 fidedignos,
1725 4105 1966 4183 quibus
1986 4105 2398 4185 presentibus
2419 4103 2795 4184 Stephanus
2814 4103 3040 4184 Ezeny

792 4212 873 4273 de
896 4212 1270 4289 Lukahaza,
1292 4212 1706 4275 velJacobus
1725 4212 1808 4275 de
1839 4212 2169 4291 Homoky.
2205 4220 2319 4274 aut
2351 4212 2670 4275 Martinus
2705 4212 2925 4293 B‘yczo
2964 4210 3040 4272 de

791 4319 1122 4397 PynkocZ,
1171 4320 1273 4384 sin
1323 4320 1663 4383 Ladislaus
1710 4320 1792 4382 de
1839 4319 1979 4399 Nyr
2023 4312 2131 4400 (?)¹
2182 4320 2319 4382 sive
2366 4321 2525 4381 alter
2570 4319 2912 4382 Ladislaus
2959 4318 3037 4380 de

1013 4543 1028 4576 ¹
1068 4551 1111 4598 A
1151 4549 1608 4613 protocollumban
1649 4549 1944 4614 Nynaynak
1984 4563 2085 4598 van
2125 4545 2252 4599 irva.
