3475 5200
1605 363 1994 416 ...194-

675 587 842 649 turbi
906 588 968 648 la
1033 602 1195 665 pace
1244 586 1324 647 de
1358 583 1710 647 Germania
1741 590 1805 645 et
1834 583 1892 645 le
1923 581 2205 644 notabile
2234 581 2578 660 questione
2616 582 2681 643 in
2712 582 2921 660 quelle

674 702 855 775 parte
902 694 1090 756 siano
1136 693 1494 768 terminate,
1542 692 1601 753 le
1649 691 1840 770 quale
1905 707 2099 752 como
2145 696 2538 752 novamente
2585 687 2621 750 e
2668 689 2923 752 reserito

675 819 842 865 sono
890 801 1153 863 reducte
1198 800 1283 860 ad
1331 799 1508 862 bona
1553 814 1715 878 pace
1764 804 1830 859 et
1874 796 2242 860 concordia.

889 908 983 971 Lo
1031 905 1468 969 secratissimo
1516 921 1584 967 re
1631 904 1712 966 de
1762 902 2053 981 Ungaria
2100 921 2172 966 se
2218 904 2399 983 parla
2444 904 2635 966 debia
2671 922 2921 966 armare

674 1023 857 1096 parte
890 1015 970 1078 de
1002 1014 1271 1078 Boemia
1304 1020 1366 1075 et
1397 1013 1642 1074 maiore
1690 1018 1871 1091 parte
1920 1010 2002 1073 de
2050 1010 2340 1091 Ungaria
2386 1011 2616 1090 equale
2648 1027 2922 1074 nurnero

677 1142 716 1185 a
781 1124 997 1203 quello
1062 1120 1199 1184 sara
1262 1122 1325 1183 lo
1390 1120 1674 1182 exercito
1721 1119 2125 1182 Alamanico.
2191 1117 2277 1180 Et
2331 1118 2416 1180 da
2460 1136 2595 1199 poy
2641 1135 2714 1180 se
2779 1119 2923 1181 dice

677 1232 758 1294 de
805 1231 1044 1293 dovere
1091 1228 1333 1290 andare
1381 1227 1445 1289 in
1493 1225 1803 1305 Ungaria.
1854 1225 1963 1288 Ma
1996 1226 2301 1305 da-quelli
2337 1228 2458 1289 che
2505 1226 2616 1307 piu
2647 1228 2922 1307 pruden-

675 1345 957 1401 temente
1024 1336 1375 1398 intendeno
1423 1352 1495 1396 se
1544 1335 1734 1397 crede
1785 1333 1906 1394 che
1961 1334 2264 1396 almarico
2311 1342 2376 1397 et
2421 1351 2622 1396 senza
2686 1336 2924 1397 alcuno

676 1446 829 1508 sallo
877 1442 1121 1507 havera
1166 1451 1264 1505 tra
1309 1441 1394 1503 da
1441 1442 1691 1504 cavallo
1739 1449 1804 1503 et
1851 1442 1937 1503 da
1982 1441 2149 1520 pede
2197 1457 2473 1519 persone
2520 1434 2743 1505 XVIM.

893 1553 962 1615 Li
997 1550 1323 1631 magnifici
1356 1550 1595 1630 signori
1625 1548 1707 1611 de
1731 1550 2077 1612 Alamania
2109 1566 2241 1612 non
2273 1548 2428 1611 fano
2457 1551 2617 1612 altro
2650 1557 2924 1631 excepto

680 1662 800 1724 che
833 1677 1027 1723 como
1075 1657 1108 1716 ὸ
1156 1659 1328 1721 dicto
1376 1657 1455 1719 de
1499 1674 1695 1737 sopra
1727 1663 2034 1738 prestano
2068 1657 2290 1720 adiuto
2322 1674 2365 1717 a
2390 1659 2452 1718 la
2484 1658 2924 1719 sacratissima

680 1768 930 1832 maesta
976 1767 1078 1829 del
1125 1765 1510 1845 imperatori.

894 1874 988 1937 Lo
1035 1874 1454 1936 serenissimo
1501 1890 1568 1935 re
1617 1870 1697 1935 de
1746 1872 1998 1934 Franza
2054 1872 2217 1949 dice,
2267 1872 2390 1934 che
2437 1890 2509 1934 se
2555 1873 2924 1935 doverebbe

680 1983 815 2046 fare
862 2001 996 2045 una
1042 1982 1544 2062 congregatione
1593 1979 1957 2042 universale
2004 1997 2087 2042 ne
2132 1982 2195 2042 la
2241 1981 2433 2059 quale
2466 1997 2538 2042 se
2569 1997 2925 2043 convenes·

679 2092 826 2154 sino
872 2090 911 2151 li
959 2089 1375 2152 ambasiatori
1416 2089 1519 2150 del
1565 2106 1738 2169 papa
1784 2094 1851 2150 et
1894 2088 1975 2150 de
2022 2088 2061 2149 li
2107 2089 2246 2150 altri
2294 2088 2557 2167 principi
2591 2096 2655 2150 et
2685 2087 2925 2168 signori

681 2197 1007 2261 christiani
1040 2203 1104 2259 et
1134 2213 1207 2258 se
1237 2202 1553 2259 tractasse
1600 2202 1664 2257 et
1709 2212 1783 2258 se
1831 2196 2242 2259 consultasse
2292 2196 2507 2275 quello
2539 2211 2613 2257 se
2645 2197 2927 2258 havesse

680 2306 764 2366 ad
812 2305 946 2367 fare
994 2315 1056 2367 et
1105 2306 1168 2366 in
1216 2304 1337 2365 che
1388 2304 1599 2366 forma
1644 2310 1709 2366 et
1754 2304 1956 2367 modo
2003 2302 2245 2365 andare
2302 2312 2528 2366 contra
2581 2303 2638 2365 el
2682 2302 2925 2365 Turco,

681 2411 764 2474 Et
810 2414 991 2475 cossi
1036 2411 1388 2474 facendose
1432 2413 1547 2491 luy
1596 2410 1701 2473 dal
1748 2418 1941 2474 canto
1988 2429 2113 2473 suo
2162 2428 2297 2474 non
2334 2410 2810 2490 degenerarebe
2843 2408 2928 2472 ne

677 2520 1065 2582 mancarebe
1131 2521 1216 2581 da
1280 2520 1493 2598 quello
1560 2520 1781 2582 hanno
1844 2518 2018 2582 facto
2081 2520 2121 2582 li
2189 2537 2314 2600 soy
2362 2519 2589 2582 maiori
2636 2517 2717 2580 ne
2766 2519 2927 2580 altra

679 2629 1051 2709 provizione
1096 2645 1387 2707 prepara.

894 2735 988 2797 Lo
1037 2735 1454 2798 serenissimo
1502 2753 1569 2797 re
1617 2736 1700 2798 de
1746 2735 2065 2815 Ingaltera
2128 2753 2370 2799 ancora
2438 2753 2571 2797 non
2630 2736 2719 2798 ha
2782 2752 2928 2815 pro·

679 2860 903 2906 messo
969 2842 1050 2904 de
1089 2843 1312 2905 'volere
1362 2844 1495 2906 fare
1542 2861 1702 2906 cosa
1746 2845 1985 2906 alcuna
2031 2850 2095 2905 et
2156 2843 2543 2907 similmente
2591 2859 2726 2905 non
2772 2860 2930 2922 pare

681 2948 875 3012 habia
920 2950 984 3012 lo
1031 2950 1251 3012 animo
1290 2950 1374 3012 ad
1413 2949 1531 3014 cio.

894 3058 988 3120 Lo
1021 3059 1437 3120 serenissimo
1484 3076 1550 3121 re
1583 3058 1664 3120 de
1711 3058 1993 3138 Ispagna
2039 3060 2125 3120 ha
2180 3075 2415 3138 guerra
2462 3065 2688 3121 contra
2737 3058 2931 3137 quelli

682 3166 762 3227 de
810 3165 1098 3227 Granata
1145 3172 1210 3227 et
1256 3166 1422 3227 male
1471 3164 1696 3245 potera
1741 3167 1983 3228 havere
2030 3166 2089 3227 el
2137 3166 2338 3228 modo
2378 3165 2460 3227 de
2499 3164 2741 3227 andare
2774 3181 2816 3227 o
2849 3165 2932 3225 de

682 3272 992 3335 mandare
1041 3280 1266 3334 contra
1312 3274 1369 3334 el
1416 3272 1700 3336 Turcho.

897 3379 990 3442 Lo
1057 3381 1473 3443 serenissimo
1540 3398 1606 3442 re
1672 3381 1754 3443 de
1816 3382 2186 3461 Portugallo
2248 3380 2283 3443 ὲ
2341 3383 2423 3444 de
2479 3381 2659 3443 bono
2706 3380 2932 3442 animo

682 3494 746 3548 et
793 3504 878 3566 po
926 3486 1234 3549 mandare
1280 3489 1524 3566 grande
1583 3496 1836 3550 armata
1881 3505 1995 3569 per
2040 3506 2217 3551 mare
2266 3495 2492 3552 contra
2540 3489 2599 3550 el
2644 3485 2935 3549 Turch0.

683 3593 752 3654 Li
810 3611 935 3674 soy
980 3596 1397 3657 ambasiatori
1446 3595 1526 3657 de
1572 3596 1802 3674 giorno
1850 3596 1913 3658 in
1959 3596 2187 3675 giorno
2235 3613 2308 3658 se
2356 3601 2742 3675 expectano‚
2808 3594 2934 3655 alla

683 3709 924 3763 venuta
972 3702 1115 3764 delli
1165 3704 1336 3782 quali
1384 3704 1825 3766 chiaramente
1890 3721 1962 3765 se
2029 3700 2361 3766 intenderit
2407 3705 2471 3765 la
2518 3710 2736 3765 mente
2784 3720 2929 3773 sua,

683 3816 745 3871 et
811 3810 1105 3871 secundo
1171 3827 1242 3871 se
1310 3828 1558 3873 raxona
1622 3813 1682 3872 al
1748 3819 2048 3891 presente
2113 3813 2235 3873 ello
2283 3811 2540 3873 affirma
2586 3810 2666 3873 de
2715 3810 2933 3872 volere

682 3916 925 3979 andare
989 3918 1510 3995 personalmente
1577 3926 1805 3981 contra
1851 3921 1909 3980 el
1955 3917 2240 3996 Turcho‚
2309 3919 2362 3981 si
2409 3918 2933 3998 personalrnente

683 4025 738 4085 el
774 4041 838 4086 re
873 4023 953 4085 de
987 4023 1257 4104 Ragona
1303 4026 1387 4105 gli
1435 4024 1681 4087 andara
1709 4035 1774 4088 et
1805 4026 1885 4088 de
1914 4027 2131 4089 volere
2183 4044 2435 4089 armare
2482 4026 2679 4087 molte
2725 4025 2928 4104 galee.

901 4131 994 4194 Lo
1042 4133 1469 4195 illustrissimo
1517 4132 1689 4195 duca
1734 4134 1817 4195 de
1865 4134 2211 4213 Brogogna
2253 4135 2306 4196 si
2347 4134 2382 4195 e
2423 4133 2932 4213 promptissima-

684 4246 900 4300 mente
948 4240 1242 4320 disposto
1273 4259 1313 4302 a
1344 4248 1578 4319 questa
1615 4242 1897 4321 impresa
1928 4250 1991 4306 et
2023 4243 2111 4303 ha
2138 4241 2475 4321 impuncto
2522 4231 2720 4301 XVIM
2749 4256 2931 4302 com·

682 4346 923 4408 batenti
981 4365 1094 4426 per
1146 4350 1386 4410 andare
1434 4368 1473 4411 a
1520 4350 1785 4411 menarli
1834 4359 2058 4412 contra
2105 4351 2163 4411 el
2210 4348 2477 4413 Turcho
2526 4356 2591 4410 et
2636 4345 2933 4410 secundo

684 4454 721 4514 il
769 4454 1003 4516 iudicio
1052 4456 1133 4516 de
1181 4457 1537 4536 ognihomo
1585 4458 1666 4519 de
1698 4458 1813 4537 luy
1845 4475 1916 4519 se
1964 4457 2052 4519 ha
2089 4457 2266 4519 bona
2313 4456 2616 4537 opinione
2648 4462 2712 4517 et
2742 4453 2930 4533 quasi

683 4568 856 4622 certa
902 4579 1235 4642 speranza.
