3475 5200
1686 369 2080 425 -158—

756 615 1034 700 apostoli
1087 614 1369 695 legitime
1424 612 1873 693 perdurandas
1930 608 2197 672 domino
2262 607 2396 688 regi
2460 595 2729 669 fideliter
2791 607 3004 669 rescri-

579 772 686 817 1450
758 723 948 786 batis,
997 722 1239 785 Datum
1277 719 1462 782 Bude
1501 718 1989 799 septuagesimo
2026 717 2130 779 die
2166 714 2416 779 termini
2456 713 2797 795 prenotati,
2835 730 3003 776 anno

523 830 739 943 Ψ
758 829 1002 892 domini
1048 828 1146 891 ΜΟ
1199 827 1457 891 00000
1499 825 2063 907 quinquagesimo

973 987 1198 1050 Eredeti,
1234 971 1404 1053 papir,
1443 982 1715 1046 vizfoltOS,
1743 980 1972 1035 zar-latria
2001 978 2185 1048 penset
2208 977 2507 1045 nyomaval.
2539 979 2742 1042 Lelesz,
2770 982 3003 1030 actorum

760 1077 884 1128 anni
927 1077 1079 1128 1450.
1119 1075 1220 1128 No·
1256 1077 1346 1127 44.
1389 1124 1396 1134 ,

1685 1270 2082 1337 CCXXVIII.

1455 1433 1772 1514 sunam,
1819 1431 2002 1497 1450
2045 1433 2196 1517 apr.
2244 1431 2355 1497 21.

762 1595 1080 1647 Brankovics
1130 1595 1353 1661 Gyorgy
1407 1591 1526 1645 rdcz
1583 1594 1844 1660 deszpota
1900 1590 2066 1668 Kallai
2112 1589 2291 1643 L6k6s
2346 1589 2633 1642 Jdnosnak.
2690 1586 3006 1640 Csodfilattal

760 1682 996 1749 ertesiilt,
1048 1686 1196 1750 hogy
1252 1699 1315 1734 az
1372 1681 1860 1749 orszagtanacsban
1916 1697 2038 1733 nem
2094 1680 2288 1732 szolalt
2333 1681 2413 1731 fel‘
2452 1693 2591 1732 azon
2647 1676 2821 1729 vadak
2878 1678 3006 1729 ellen

759 1774 1023 1840 melyeket
1059 1773 1308 1839 Hunyadi
1346 1771 1512 1825 Jfinos
1549 1770 1879 1839 kormanyzo
1927 1769 2152 1837 fogslzga
2188 1757 2505 1821 alka'tmabdl
2538 1770 2704 1821 ellene
2745 1769 3004 1820 felhozott.

760 1861 1204 1930 Fenyegetodzik,
1242 1864 1458 1929 hogyha
1494 1859 1898 1927 megtrimadjak,
1936 1876 2000 1912 az
2038 1862 2260 1912 okozott
2295 1857 2539 1911 karokert
2583 1859 2833 1910 nemcsak
2875 1856 3006 1921 eleg-

759 1951 908 2005 tetelt
943 1968 1144 2016 szerez,
1181 1954 1372 2004 hanem
1409 1953 1625 2003 minden
1664 1953 1825 2003 elvett
1861 1948 2112 2002 csirkeert
2140 1965 2242 2016 egy
2269 1949 2578 2014 emberfeJet
2610 1947 2708 2013 sog
2734 1946 3005 1999 kovetelni.

1082 2079 1407 2162 Georgius
1454 2080 1555 2143 dei
1604 2081 1810 2161 gratia
1857 2082 2037 2160 regni
2085 2079 2326 2142 Rachie

1081 2189 1398 2270 despotus
1444 2206 1525 2251 ac
1571 2189 1880 2251 dominus
1925 2188 2199 2250 Albanie
2247 2194 2368 2250 ete.

974 2314 1250 2395 Egregie
1286 2316 1383 2376 vir
1420 2315 1628 2377 fidelis
1666 2314 1859 2377 nobis
1895 2313 2144 2376 dilecte.
2185 2312 2505 2375 Noveritis
2552 2328 2677 2374 nos
2724 2311 3009 2373 intimata

758 2430 978 2489 vestra
1009 2423 1202 2486 nobis
1233 2423 1619 2485 transmissa
1650 2421 1735 2484 ad
1769 2423 2035 2501 plenum
2073 2421 2484 2497 intellexisse,
2520 2420 2600 2482 de
2632 2418 2761 2481 hoc
2792 2423 3007 2480 autem

759 2528 939 2608 quod
971 2528 1163 2591 nobis
1196 2529 1451 2607 sribitis‚
1494 2528 1674 2609 quod
1715 2528 2023 2591 dominus
2062 2527 2458 2609 gubernator
2498 2543 2695 2607 super
2732 2542 2857 2587 nos
2884 2525 3005 2585 iam

759 2637 825 2697 in
866 2636 1023 2699 sede
1056 2637 1529 2716 regnicolarum
1571 2637 1659 2699 ob
1704 2654 1975 2699 causam
2017 2635 2470 2716 captivationis
2500 2651 2615 2714 per
2646 2650 2770 2696 nos
2801 2634 3007 2695 eidem

758 2744 928 2806 illate
975 2744 1364 2805 sententiam
1412 2744 1739 2823 explesset
1785 2761 1905 2806 seu
1953 2743 2339 2822 excepisset,
2386 2741 2468 2804 de
2511 2742 2703 2804 vobis
2766 2741 3007 2804 tediose

756 2850 1100 2913 audientes
1148 2850 1588 2929 ammiramur,
1639 2850 1821 2931 quod
1868 2868 2068 2930 quam
2115 2851 2201 2912 ob
2253 2867 2389 2911 rem
2436 2865 2560 2910 vos
2606 2858 2843 2911 coram
2874 2864 3005 2928 pre·

757 2958 945 3020 dictis
992 2956 1331 3037 regnicolis
1386 2957 1598 3021 eidem
1649 2965 1808 3020 tunc
1854 2975 1990 3019 non
2039 2956 2537 3033 contradixistis,
2585 2973 2739 3017 cum
2794 2962 3007 3017 tamen

755 3082 880 3128 vos
921 3066 1088 3128 bene
1135 3065 1361 3143 nostiS,
1401 3064 1582 3145 quod
1618 3082 1744 3128 nos
1786 3082 1985 3145 super
2028 3065 2336 3127 omnibus
2373 3062 2584 3125 eidem
2627 3070 2784 3125 tunc
2829 3060 3007 3123 illatis

755 3173 841 3235 ab
890 3173 1138 3236 eisdem
1194 3172 1535 3260 regnicolis
1592 3172 1811 3234 literas
1868 3170 2303 3251 expeditorias
2358 3170 2732 3246 habuimus,
2787 3185 3007 3248 ymmo
3082 3166 3091 3171 “

756 3288 820 3343 et
885 3281 966 3343 de
1031 3279 1312 3361 presenti
1374 3279 1720 3358 habemuS,
1788 3279 1967 3358 quod
2023 3275 2439 3358 quicquidem
2495 3284 2735 3339 eotunc
2801 3276 3007 3338 eidem

756 3389 1110 3464 intulimus,
1148 3388 1315 3450 iuste
1354 3404 1433 3448 ac
1470 3387 1684 3449 debite
1731 3386 2028 3449 fecimus.
2071 3386 2266 3465 Quod
2310 3393 2530 3447 autem
2578 3401 2705 3447 nos
2746 3383 3009 3446 avizatis

755 3501 1214 3558 ammonentes
1278 3495 1794 3574 quodammodO,
1859 3493 2039 3573 quod
2098 3512 2249 3555 cum
2308 3492 2542 3554 eodem
2608 3491 2791 3572 pacis
2847 3498 3008 3553 tran-

758 3603 949 3683 quille
995 3601 1188 3665 fedus
1234 3603 1391 3664 inire
1439 3602 1851 3673 deberemus,
1901 3601 2223 3681 quasdam
2271 3600 2515 3662 scilicet
2560 3598 2750 3662 nobis
2804 3598 3011 3660 minas

756 3712 1125 3789 ingerentes
1189 3710 1252 3771 in
1310 3726 1414 3787 e0,
1462 3709 1641 3788 quod
1706 3708 1846 3789 ipse
1905 3707 1992 3770 ad
2047 3709 2169 3770 has
2244 3714 2460 3788 partes
2530 3714 2789 3769 nostras
2862 3724 3009 3768 cum

755 3818 1063 3900 gentibus
1108 3817 1433 3880 bellicosis
1483 3816 1795 3880 Bohemis
1842 3817 2083 3880 scilicet
2128 3824 2193 3878 et
2238 3815 2497 3877 Polonis
2543 3831 2622 3875 ac
2667 3813 2809 3876 aliis
2854 3813 3012 3876 nati-

756 3926 997 3988 onibus
1073 3924 1649 3988 condescendisset
1714 3925 1802 3987 ob
1868 3925 1997 3987 hoc
2062 3931 2240 4004 puta,
2306 3921 2484 4001 quod
2551 3921 2605 3983 si
2669 3921 3012 3983 nobiscmn

758 4050 991 4114 pacem
1037 4032 1447 4112 tranquillam
1495 4032 1737 4094 habere
1785 4032 2058 4105 valuerit
2105 4032 2272 4093 bene
2320 4029 2606 4109 quidem,
2638 4029 2747 4091 sin
2795 4036 3011 4089 autem

758 4150 916 4202 tunc
963 4141 1026 4202 in
1076 4158 1277 4220 regno
1327 4147 1551 4202 nostro
1598 4139 1889 4220 dampna
1932 4156 2013 4201 ac
2059 4137 2546 4200 devastationes
2593 4142 2658 4198 et
2691 4135 3013 4215 spoliatio-

759 4265 880 4310 nes
917 4247 1168 4327 aliquas
1207 4248 1423 4309 facere
1460 4246 1886 4327 pretenderet,
1926 4245 2105 4325 quod
2142 4246 2385 4308 dictum
2424 4250 2714 4306 vestrum
2752 4242 3013 4304 minime

759 4362 875 4416 aut
920 4356 1179 4436 penitus
1225 4373 1350 4418 nos
1396 4353 1751 4436 perterruit,
1794 4355 1945 4433 quia
1979 4353 2033 4416 si
2073 4354 2212 4434 ipse
2239 4353 2303 4415 in
2335 4352 2507 4415 dicto
2528 4332 2749 4430 'regno
2793 4363 3011 4411 nostro

759 4462 1049 4543 dampna
1093 4464 1309 4542 aliqua
1354 4481 1475 4526 seu
1514 4462 1997 4525 devastationes
2043 4461 2284 4537 fecerit,
2332 4459 2495 4523 scire
2542 4475 2583 4519 a
2622 4465 2797 4520 certo
2840 4464 3011 4537 pote-

760 4570 896 4638 stis,
945 4571 1123 4649 quod
1170 4588 1295 4633 nos
1341 4587 1475 4632 non
1523 4571 1739 4632 solum
1798 4587 1916 4649 pro
1974 4568 2326 4630 maioribus
2391 4564 2694 4646 dampnis
2758 4563 3009 4639 nostn'S,
