3475 5200
1456 388 1845 442 —137—

528 608 848 688 exigendo
896 617 958 671 et
1005 609 1460 689 recolligendo,
1508 610 1678 672 fideli
1725 616 1954 672 nostro
2000 612 2261 689 egregio
2318 611 2642 674 Frankoni
2691 612 2772 673 de

527 716 808 778 Zeniche
850 716 952 778 vel
993 715 1370 779 hominibus
1409 724 1472 779 et
1512 715 1933 782 familiaribus
1980 711 2120 778 su'is
2166 718 2564 797 presentium
2612 718 2775 781 scilia

529 830 628 885 cet
668 825 1119 888 ostensoribus
1158 825 1543 904 integraliter
1575 826 1944 904 persolvere
1984 830 2047 885 et
2085 825 2420 887 extradare
2460 825 2771 902 debeatis,

529 938 599 993 ut
632 933 1021 1011 supradictis
1069 932 1569 995 necessitatibus
1617 932 1794 1012 regni
1845 932 2047 996 nostri
2097 938 2160 993 et
2203 932 2534 1011 signanter
2580 936 2770 996 castri

529 1041 726 1103 nostri
774 1038 1330 1103 Nandoralbensis
1376 1040 1641 1118 pretacti
1690 1040 2184 1102 convenientius
2232 1048 2296 1101 et
2340 1042 2773 1120 opportunius

528 1164 865 1209 occurrere
929 1148 1288 1209 valeamus.
1357 1147 1590 1210 Nullus
1656 1154 1880 1209 autem
1944 1154 2237 1210 vestrum
2302 1155 2563 1228 propter
2630 1149 2772 1210 talis

528 1254 700 1316 modi
749 1261 899 1316 taxe
947 1255 1426 1333 impositionem
1470 1272 1738 1335 gravem
1778 1254 2250 1334 quoquomodo
2292 1254 2583 1317 animum
2634 1274 2771 1319 sus-

530 1363 775 1442 scipiat,
824 1379 1025 1440 quam
1073 1368 1333 1441 propter
1382 1361 1575 1432 istud,
1623 1361 1803 1441 quod
1848 1381 1891 1423 a
1934 1363 2125 1423 vobis
2166 1380 2248 1424 ex
2313 1379 2489 1423 nunc
2542 1364 2769 1441 grandi

527 1469 672 1532 facti
756 1470 1145 1533 necessitate
1233 1466 1452 1548 [exiJgi
1530 1470 1984 1532 commisimus
2054 1469 2387 1532 evidenter
2454 1487 2768 1550 processu

528 1577 839 1657 temporis
866 1577 1340 1640 alleviationem
1374 1578 1437 1639 in
1470 1577 1610 1638 aliis
1643 1577 1954 1654 sentietis,
1982 1593 2179 1639 secus
2212 1593 2366 1657 ergo
2400 1594 2517 1657 pro
2550 1585 2772 1641 nostra

523 1686 728 1764 gratia
763 1685 828 1747 in
866 1685 1200 1765 premissis
1250 1703 1382 1748 non
1429 1685 1679 1761 facturi,
1729 1684 2032 1762 scienteS‚
2073 1684 2251 1764 quod
2290 1685 2343 1747 si
2385 1683 2446 1746 in
2486 1685 2773 1765 predicta

524 1794 936 1871 peccuniaria
967 1794 1313 1870 solutione,
1345 1793 1525 1874 quod
1554 1800 1773 1854 tamen
1808 1810 1940 1854 non
1977 1793 2321 1869 credimus,
2346 1799 2771 1855 contumaces

526 1906 638 1962 aut
684 1901 954 1962 rebelles
1011 1902 1239 1984 reperti
1300 1900 1563 1976 sueritiS,
1621 1899 2064 1978 supradictam
2120 1901 2505 1979 peccuniam
2559 1900 2769 1977 vobiS,

526 2024 639 2086 pro
670 2008 942 2070 tuitione
974 2013 1340 2070 castrorum
1383 2015 1755 2070 nostrorum
1794 2007 2231 2087 predictorum
2261 2014 2324 2069 et
2355 2009 2535 2086 regni
2568 2009 2770 2070 nostri

525 2113 858 2195 Hungarie
905 2116 1238 2196 prescripti
1281 2114 1673 2195 impositam,
1724 2131 1837 2194 per
1881 2121 2101 2177 vestra
2143 2116 2527 2193 gravamina
2572 2123 2769 2194 atque

524 2222 812 2303 dampna
850 2239 965 2303 per
1002 2224 1147 2285 vias
1187 2229 1592 2303 opportunas
1635 2222 1804 2301 exigi
1848 2230 1911 2285 et
1942 2221 2022 2283 de
2054 2229 2273 2284 vestro
2313 2223 2530 2284 medio
2571 2222 2766 2284 levari

526 2329 859 2393 faciemus.
928 2330 1171 2394 Datum
1238 2331 1420 2393 Bude
1486 2330 1644 2392 feria
1708 2337 1897 2392 sexta
1961 2331 2257 2409 proxima
2321 2338 2472 2409 post
2526 2329 2768 2392 festum

525 2437 866 2500 beatorum
905 2437 1033 2499 Viti
1072 2446 1135 2500 et
1173 2437 1452 2501 Modesti
1499 2438 1856 2511 martirum,
1907 2455 2082 2499 anno
2130 2437 2375 2499 domini
2424 2437 2765 2499 millesimo

523 2545 1159 2625 quadringentesimo
1207 2546 1727 2627 quadragesimo.

738 2653 840 2715 Ad
897 2656 1282 2717 mandatum
1340 2655 1582 2716 domini
1641 2656 1810 2734 regis
1874 2654 2212 2717 Johannes
2258 2653 2339 2715 de
2389 2654 2765 2733 Konezpole

523 2760 720 2840 Regni
767 2761 1030 2824 Polonie
1077 2764 1517 2825 cancellarius.

2840 2524 2946 2568 1440

2782 2598 2884 2654 juin.
2919 2600 2985 2642 17.

736 2902 955 2963 Eredeti‚
1012 2903 1176 2967 papir,
1236 2902 1375 2967 aljim
1429 2901 1730 2968 ranyomott
1775 2901 1957 2968 pecset
1981 2885 2360 2957 ’tbredekeiveh
2388 2903 2459 2953 Μ.
2501 2902 2562 2954 O.
2606 2902 2666 2952 D.
2709 2903 2763 2951 L.

530 2992 720 3042 13555.
760 3006 834 3041 sz.

1503 3227 1783 3290 CXCIX.

1259 3388 1476 3467 Euda,
1524 3386 1716 3451 1440.
1756 3387 1883 3470 jae.
1929 3386 2035 3451 31.

517 3527 552 3581 1.
593 3528 805 3580 Ulaszlo
843 3529 1010 3596 kiraly
1048 3547 1078 3581 a
1119 3532 1435 3582 Brankovies
1463 3532 1682 3597 Gydrgy
1718 3530 1839 3581 racz
1879 3532 2137 3597 deszpota
2175 3530 2489 3582 birtokaban
2528 3531 2656 3591 volt,
2698 3532 2764 3581 de

519 3616 622 3669 tole
660 3616 971 3684 ht'itlensege
1009 3622 1156 3671 miatt
1195 3622 1352 3671 elvett
1395 3620 1654 3671 Munkacs
1692 3620 1844 3671 vax-at
1896 3618 2271 3672 tartozekaival
2318 3622 2501 3686 egyiitt
2558 3620 2763 3672 Paloczi

1268 3709 1560 3762 Laszlonak
1599 3710 2013 3775 adomaeinyozza.

742 3835 981 3901 Balajthy
1018 3835 1225 3886 szsel':
1267 3836 1540 3889 MunkacS.
1582 3837 1901 3899 Debreczen,
1948 3839 2100 3888 1836.
2142 3838 2369 3889 25-26.

1573 4071 1704 4133 CC.

1229 4231 1444 4309 Buda,
1493 4229 1689 4294 1440.
1739 4245 1897 4313 aug.
1947 4229 2054 4294 20.

521 4371 557 4420 1.
597 4371 811 4423 Ulaszlo
850 4372 1016 4439 kin-aly
1055 4374 1199 4423 Keve
1238 4371 1533 4424 varosanak
1571 4390 1602 4423 a
1638 4375 1865 4424 torokok
1903 4371 2005 4424 <2161
2042 4373 2321 4425 menekiil6
2365 4375 2567 4426 lakosai
2606 4376 2763 4426 solott

1140 4463 1383 4527 sentartja
1421 4461 1678 4528 maganak
1718 4480 1750 4512 a
1785 4461 2134 4517 biraskodiist.

733 4587 995 4651 Magdics:
1037 4589 1068 4639 i.
1107 4591 1157 4639 h.
1200 4590 1426 4638 21—23.
