<?xml version="1.0" encoding="UTF-8"?>
<!DOCTYPE html PUBLIC "-//W3C//DTD XHTML 1.0 Transitional//EN"
    "http://www.w3.org/TR/xhtml1/DTD/xhtml1-transitional.dtd">
<html xmlns="http://www.w3.org/1999/xhtml" xml:lang="en" lang="en">
 <head>
  <title>
</title>
<meta http-equiv="Content-Type" content="text/html;charset=utf-8" />
  <meta name='ocr-system' content='tesseract 3.04.00' />
  <meta name='ocr-capabilities' content='ocr_page ocr_carea ocr_par ocr_line ocrx_word'/>
</head>
<body>
  <div class='ocr_page' id='page_1' title='image "./codexdiplomatic00horvgoog_0175.png"; bbox 0 0 3475 5200; ppageno 0'>
   <div class='ocr_carea' id='block_1_1' title="bbox 1402 420 1757 472">
    <p class='ocr_par' dir='ltr' id='par_1_1' title="bbox 1402 420 1757 472">
     <span class='ocr_line' id='line_1_1' title="bbox 1402 420 1757 472; baseline 0 -15"><span class='ocrx_word' id='word_1_1' title='bbox 1402 420 1757 472; x_wconf 58' lang='lat'><strong>4-43—</strong></span> 
     </span>
    </p>
   </div>
   <div class='ocr_carea' id='block_1_2' title="bbox 1464 712 1685 774">
    <p class='ocr_par' dir='ltr' id='par_1_2' title="bbox 1464 712 1685 774">
     <span class='ocr_line' id='line_1_2' title="bbox 1464 712 1685 774; baseline -0.005 -1"><span class='ocrx_word' id='word_1_2' title='bbox 1464 712 1685 774; x_wconf 89' lang='lat' dir='ltr'>XCIV.</span> 
     </span>
    </p>
   </div>
   <div class='ocr_carea' id='block_1_3' title="bbox 1028 906 2128 990">
    <p class='ocr_par' dir='ltr' id='par_1_3' title="bbox 1028 906 2128 990">
     <span class='ocr_line' id='line_1_3' title="bbox 1028 906 2128 990; baseline 0 -18"><span class='ocrx_word' id='word_1_3' title='bbox 1028 906 1574 990; x_wconf 62' lang='lat' dir='ltr'><strong>Sze&#39;kesfeje&#39;rvdn</strong></span> <span class='ocrx_word' id='word_1_4' title='bbox 1628 910 1820 971; x_wconf 75' lang='lat'><em>1403.</em></span> <span class='ocrx_word' id='word_1_5' title='bbox 1874 928 2016 972; x_wconf 80' lang='lat' dir='ltr'><strong>nov.</strong></span> <span class='ocrx_word' id='word_1_6' title='bbox 2067 912 2128 988; x_wconf 76' lang='lat'><strong>5,</strong></span> 
     </span>
    </p>
   </div>
   <div class='ocr_carea' id='block_1_4' title="bbox 454 1064 2705 1313">
    <p class='ocr_par' dir='ltr' id='par_1_4' title="bbox 454 1064 2705 1313">
     <span class='ocr_line' id='line_1_4' title="bbox 454 1064 2702 1132; baseline 0 -14"><span class='ocrx_word' id='word_1_7' title='bbox 454 1069 737 1132; x_wconf 84' lang='lat' dir='ltr'><strong>Zsigmond</strong></span> <span class='ocrx_word' id='word_1_8' title='bbox 777 1065 942 1132; x_wconf 70' lang='lat' dir='ltr'><strong>kiraly</strong></span> <span class='ocrx_word' id='word_1_9' title='bbox 978 1064 1166 1117; x_wconf 76' lang='lat' dir='ltr'><strong>Mardti</strong></span> <span class='ocrx_word' id='word_1_10' title='bbox 1204 1065 1369 1117; x_wconf 70' lang='lat' dir='ltr'><strong>,limos</strong></span> <span class='ocrx_word' id='word_1_11' title='bbox 1409 1065 1606 1118; x_wconf 71' lang='lat' dir='ltr'><strong>macsoi</strong></span> <span class='ocrx_word' id='word_1_12' title='bbox 1644 1066 1855 1117; x_wconf 74' lang='lat' dir='ltr'><strong>bannak</strong></span> <span class='ocrx_word' id='word_1_13' title='bbox 1898 1082 1929 1117; x_wconf 83' lang='lat' dir='ltr'><strong>a</strong></span> <span class='ocrx_word' id='word_1_14' title='bbox 1966 1069 2189 1118; x_wconf 65' lang='lat' dir='ltr'><strong>torbkok</strong></span> <span class='ocrx_word' id='word_1_15' title='bbox 2228 1068 2360 1119; x_wconf 86' lang='lat' dir='ltr'><strong>ellen</strong></span> <span class='ocrx_word' id='word_1_16' title='bbox 2398 1065 2702 1120; x_wconf 66' lang='lat' dir='ltr'><strong>kiilbnbozo</strong></span> 
     </span>
     <span class='ocr_line' id='line_1_5' title="bbox 456 1153 2703 1221; baseline 0 -14"><span class='ocrx_word' id='word_1_17' title='bbox 456 1158 808 1208; x_wconf 69' lang='lat' dir='ltr'><strong>alhalmakkor</strong></span> <span class='ocrx_word' id='word_1_18' title='bbox 862 1153 1032 1207; x_wconf 79' lang='lat' dir='ltr'><strong>vivott</strong></span> <span class='ocrx_word' id='word_1_19' title='bbox 1085 1157 1423 1207; x_wconf 83' lang='lat' dir='ltr'><strong>harczokban</strong></span> <span class='ocrx_word' id='word_1_20' title='bbox 1479 1162 1703 1207; x_wconf 82' lang='lat' dir='ltr'><strong>szerzett</strong></span> <span class='ocrx_word' id='word_1_21' title='bbox 1760 1155 1986 1207; x_wconf 67' lang='lat' dir='ltr'><strong>erdemei</strong></span> <span class='ocrx_word' id='word_1_22' title='bbox 2028 1155 2300 1221; x_wconf 75' lang='lat' dir='ltr'><strong>jutalmiml</strong></span> <span class='ocrx_word' id='word_1_23' title='bbox 2350 1173 2412 1207; x_wconf 82' lang='lat' dir='ltr'><strong>az</strong></span> <span class='ocrx_word' id='word_1_24' title='bbox 2459 1158 2703 1221; x_wconf 80' lang='lat' dir='ltr'><strong>Azzeagh</strong></span> 
     </span>
     <span class='ocr_line' id='line_1_6' title="bbox 456 1243 2705 1313; baseline 0.002 -17"><span class='ocrx_word' id='word_1_25' title='bbox 456 1245 736 1297; x_wconf 68' lang='lat' dir='ltr'><strong>csaladnak</strong></span> <span class='ocrx_word' id='word_1_26' title='bbox 782 1243 1060 1310; x_wconf 74' lang='lat' dir='ltr'><strong>hfitlenseg</strong></span> <span class='ocrx_word' id='word_1_27' title='bbox 1097 1247 1244 1296; x_wconf 81' lang='lat' dir='ltr'><strong>miatt</strong></span> <span class='ocrx_word' id='word_1_28' title='bbox 1281 1244 1370 1296; x_wconf 74' lang='lat' dir='ltr'><strong>rea</strong></span> <span class='ocrx_word' id='word_1_29' title='bbox 1407 1244 1796 1296; x_wconf 70' lang='lat' dir='ltr'><strong>visszaszzillott</strong></span> <span class='ocrx_word' id='word_1_30' title='bbox 1840 1247 2086 1296; x_wconf 83' lang='lat' dir='ltr'><strong>birtokait</strong></span> <span class='ocrx_word' id='word_1_31' title='bbox 2125 1246 2242 1296; x_wconf 85' lang='lat' dir='ltr'><strong>neki</strong></span> <span class='ocrx_word' id='word_1_32' title='bbox 2287 1246 2705 1313; x_wconf 75' lang='lat' dir='ltr'><strong>adomimyozza.</strong></span> 
     </span>
    </p>
   </div>
   <div class='ocr_carea' id='block_1_5' title="bbox 450 1377 2743 4692">
    <p class='ocr_par' dir='ltr' id='par_1_5' title="bbox 450 1377 2743 4692">
     <span class='ocr_line' id='line_1_7' title="bbox 667 1377 2701 1473; baseline 0.001 -19"><span class='ocrx_word' id='word_1_33' title='bbox 667 1377 1063 1454; x_wconf 74' lang='lat' dir='ltr'><strong>Erdemeirffl</strong></span> <span class='ocrx_word' id='word_1_34' title='bbox 1110 1409 1190 1452; x_wconf 81' lang='lat' dir='ltr'><strong>az</strong></span> <span class='ocrx_word' id='word_1_35' title='bbox 1238 1391 1488 1454; x_wconf 68' lang='lat' dir='ltr'><strong>omevffl</strong></span> <span class='ocrx_word' id='word_1_36' title='bbox 1544 1390 2040 1471; x_wconf 61' lang='lat' dir='ltr'><strong>kevetkezc‘skep</strong></span> <span class='ocrx_word' id='word_1_37' title='bbox 2098 1391 2455 1454; x_wconf 69' lang='lat' dir='ltr'><strong>emiekezik</strong></span> <span class='ocrx_word' id='word_1_38' title='bbox 2510 1409 2701 1473; x_wconf 83' lang='lat' dir='ltr'><strong>meg:</strong></span> 
     </span>
     <span class='ocr_line' id='line_1_8' title="bbox 462 1499 2703 1584; baseline 0 -23"><span class='ocrx_word' id='word_1_39' title='bbox 462 1499 1087 1584; x_wconf 74' lang='lat' dir='ltr'><strong>„animadvertentes</strong></span> <span class='ocrx_word' id='word_1_40' title='bbox 1144 1499 1336 1560; x_wconf 89' lang='lat' dir='ltr'><strong>etiam</strong></span> <span class='ocrx_word' id='word_1_41' title='bbox 1395 1499 1730 1577; x_wconf 89' lang='lat' dir='ltr'><strong>quomodo</strong></span> <span class='ocrx_word' id='word_1_42' title='bbox 1781 1499 1941 1561; x_wconf 88' lang='lat' dir='ltr'><strong>alias</strong></span> <span class='ocrx_word' id='word_1_43' title='bbox 1987 1499 2280 1561; x_wconf 89' lang='lat' dir='ltr'><strong>videlicet</strong></span> <span class='ocrx_word' id='word_1_44' title='bbox 2328 1500 2703 1562; x_wconf 89' lang='lat' dir='ltr'><strong>vicesecun·</strong></span> 
     </span>
     <span class='ocr_line' id='line_1_9' title="bbox 454 1604 2702 1686; baseline 0 -19"><span class='ocrx_word' id='word_1_45' title='bbox 454 1607 628 1668; x_wconf 87' lang='lat' dir='ltr'><strong>daria</strong></span> <span class='ocrx_word' id='word_1_46' title='bbox 675 1607 832 1668; x_wconf 89' lang='lat' dir='ltr'><strong>dum</strong></span> <span class='ocrx_word' id='word_1_47' title='bbox 886 1605 1166 1668; x_wconf 83' lang='lat' dir='ltr'><strong>fallerata</strong></span> <span class='ocrx_word' id='word_1_48' title='bbox 1211 1607 1450 1669; x_wconf 89' lang='lat' dir='ltr'><strong>choors</strong></span> <span class='ocrx_word' id='word_1_49' title='bbox 1499 1604 1659 1686; x_wconf 84' lang='lat' dir='ltr'><strong>(igy)</strong></span> <span class='ocrx_word' id='word_1_50' title='bbox 1708 1604 2077 1669; x_wconf 75' lang='lat' dir='ltr'><strong>Tuscorum</strong></span> <span class='ocrx_word' id='word_1_51' title='bbox 2125 1608 2187 1668; x_wconf 92' lang='lat' dir='ltr'><strong>in</strong></span> <span class='ocrx_word' id='word_1_52' title='bbox 2237 1626 2359 1668; x_wconf 91' lang='lat' dir='ltr'><strong>sua</strong></span> <span class='ocrx_word' id='word_1_53' title='bbox 2406 1608 2702 1686; x_wconf 88' lang='lat' dir='ltr'><strong>pluritate</strong></span> 
     </span>
     <span class='ocr_line' id='line_1_10' title="bbox 454 1713 2702 1793; baseline 0 -18"><span class='ocrx_word' id='word_1_54' title='bbox 454 1714 723 1790; x_wconf 87' lang='lat' dir='ltr'><strong>confisa,</strong></span> <span class='ocrx_word' id='word_1_55' title='bbox 774 1713 1152 1775; x_wconf 86' lang='lat' dir='ltr'><strong>iamdictum</strong></span> <span class='ocrx_word' id='word_1_56' title='bbox 1201 1730 1473 1793; x_wconf 88' lang='lat' dir='ltr'><strong>regnum</strong></span> <span class='ocrx_word' id='word_1_57' title='bbox 1514 1720 1813 1775; x_wconf 89' lang='lat' dir='ltr'><strong>nostrum</strong></span> <span class='ocrx_word' id='word_1_58' title='bbox 1851 1720 1914 1774; x_wconf 92' lang='lat' dir='ltr'><strong>et</strong></span> <span class='ocrx_word' id='word_1_59' title='bbox 1953 1714 2283 1792; x_wconf 82' lang='lat' dir='ltr'><strong>signanter</strong></span> <span class='ocrx_word' id='word_1_60' title='bbox 2322 1715 2702 1776; x_wconf 89' lang='lat' dir='ltr'><strong>comitatum</strong></span> 
     </span>
     <span class='ocr_line' id='line_1_11' title="bbox 453 1820 2701 1900; baseline -0.001 -16"><span class='ocrx_word' id='word_1_61' title='bbox 453 1820 891 1884; x_wconf 86' lang='lat' dir='ltr'><strong>Sirimiensem</strong></span> <span class='ocrx_word' id='word_1_62' title='bbox 971 1821 1330 1900; x_wconf 90' lang='lat' dir='ltr'><strong>predictum</strong></span> <span class='ocrx_word' id='word_1_63' title='bbox 1403 1820 1714 1883; x_wconf 84' lang='lat' dir='ltr'><strong>hostiliter</strong></span> <span class='ocrx_word' id='word_1_64' title='bbox 1792 1823 2136 1899; x_wconf 86' lang='lat' dir='ltr'><strong>invaserat,</strong></span> <span class='ocrx_word' id='word_1_65' title='bbox 2210 1829 2272 1883; x_wconf 92' lang='lat' dir='ltr'><strong>et</strong></span> <span class='ocrx_word' id='word_1_66' title='bbox 2342 1822 2405 1883; x_wconf 90' lang='lat' dir='ltr'><strong>in</strong></span> <span class='ocrx_word' id='word_1_67' title='bbox 2467 1820 2701 1883; x_wconf 91' lang='lat' dir='ltr'><strong>eodem</strong></span> 
     </span>
     <span class='ocr_line' id='line_1_12' title="bbox 451 1912 2702 2007; baseline 0 -17"><span class='ocrx_word' id='word_1_68' title='bbox 451 1946 621 1990; x_wconf 89' lang='lat' dir='ltr'><strong>ausu</strong></span> <span class='ocrx_word' id='word_1_69' title='bbox 665 1928 1008 1991; x_wconf 89' lang='lat' dir='ltr'><strong>temerario</strong></span> <span class='ocrx_word' id='word_1_70' title='bbox 1068 1930 1296 2007; x_wconf 90' lang='lat' dir='ltr'><strong>spolia,</strong></span> <span class='ocrx_word' id='word_1_71' title='bbox 1345 1929 1662 1998; x_wconf 85' lang='lat' dir='ltr'><strong>incendia,</strong></span> <span class='ocrx_word' id='word_1_72' title='bbox 1722 1928 2202 2007; x_wconf 83' lang='lat' dir='ltr'><strong>homicidiaque</strong></span> <span class='ocrx_word' id='word_1_73' title='bbox 2261 1947 2393 1991; x_wconf 91' lang='lat' dir='ltr'><strong>non</strong></span> <span class='ocrx_word' id='word_1_74' title='bbox 2443 1912 2702 1991; x_wconf 85' lang='lat' dir='ltr'><strong>modica</strong></span> 
     </span>
     <span class='ocr_line' id='line_1_13' title="bbox 456 2035 2700 2116; baseline 0.001 -20"><span class='ocrx_word' id='word_1_75' title='bbox 456 2037 934 2098; x_wconf 83' lang='lat' dir='ltr'><strong>committentes</strong></span> <span class='ocrx_word' id='word_1_76' title='bbox 967 2036 1390 2116; x_wconf 90' lang='lat' dir='ltr'><strong>plurimorum</strong></span> <span class='ocrx_word' id='word_1_77' title='bbox 1425 2037 1623 2098; x_wconf 89' lang='lat' dir='ltr'><strong>corda</strong></span> <span class='ocrx_word' id='word_1_78' title='bbox 1657 2035 2700 2114; x_wconf 84' lang='lat' dir='ltr'><strong>Christicularum.conturbasset,</strong></span> 
     </span>
     <span class='ocr_line' id='line_1_14' title="bbox 454 2142 2697 2207; baseline 0 -2"><span class='ocrx_word' id='word_1_79' title='bbox 454 2150 853 2206; x_wconf 87' lang='lat' dir='ltr'><strong>memoratus</strong></span> <span class='ocrx_word' id='word_1_80' title='bbox 900 2142 1236 2205; x_wconf 88' lang='lat' dir='ltr'><strong>Johannes</strong></span> <span class='ocrx_word' id='word_1_81' title='bbox 1284 2144 1500 2205; x_wconf 89' lang='lat' dir='ltr'><strong>banus</strong></span> <span class='ocrx_word' id='word_1_82' title='bbox 1548 2161 1679 2206; x_wconf 90' lang='lat' dir='ltr'><strong>non</strong></span> <span class='ocrx_word' id='word_1_83' title='bbox 1729 2144 1869 2206; x_wconf 89' lang='lat' dir='ltr'><strong>sine</strong></span> <span class='ocrx_word' id='word_1_84' title='bbox 1918 2144 2206 2207; x_wconf 88' lang='lat' dir='ltr'><strong>dirorum</strong></span> <span class='ocrx_word' id='word_1_85' title='bbox 2251 2145 2537 2207; x_wconf 90' lang='lat' dir='ltr'><strong>letalium</strong></span> <span class='ocrx_word' id='word_1_86' title='bbox 2586 2146 2697 2206; x_wconf 87' lang='lat' dir='ltr'><strong>wl-</strong></span> 
     </span>
     <span class='ocr_line' id='line_1_15' title="bbox 453 2251 2703 2332; baseline 0.001 -21"><span class='ocrx_word' id='word_1_87' title='bbox 453 2267 681 2312; x_wconf 88' lang='lat' dir='ltr'><strong>nerum</strong></span> <span class='ocrx_word' id='word_1_88' title='bbox 706 2251 914 2329; x_wconf 86' lang='lat' dir='ltr'><strong>plagis</strong></span> <span class='ocrx_word' id='word_1_89' title='bbox 946 2267 1146 2330; x_wconf 87' lang='lat' dir='ltr'><strong>super</strong></span> <span class='ocrx_word' id='word_1_90' title='bbox 1176 2269 1248 2312; x_wconf 89' lang='lat' dir='ltr'><strong>se</strong></span> <span class='ocrx_word' id='word_1_91' title='bbox 1281 2252 1545 2313; x_wconf 86' lang='lat' dir='ltr'><strong>retorsis</strong></span> <span class='ocrx_word' id='word_1_92' title='bbox 1577 2259 1640 2313; x_wconf 91' lang='lat' dir='ltr'><strong>et</strong></span> <span class='ocrx_word' id='word_1_93' title='bbox 1663 2253 2046 2332; x_wconf 79' lang='lat' dir='ltr'><strong>assumpti5‚</strong></span> <span class='ocrx_word' id='word_1_94' title='bbox 2073 2252 2414 2313; x_wconf 90' lang='lat' dir='ltr'><strong>iamdictos</strong></span> <span class='ocrx_word' id='word_1_95' title='bbox 2439 2251 2703 2314; x_wconf 89' lang='lat' dir='ltr'><strong>Turkos</strong></span> 
     </span>
     <span class='ocr_line' id='line_1_16' title="bbox 450 2357 2699 2439; baseline 0.001 -21"><span class='ocrx_word' id='word_1_96' title='bbox 450 2359 643 2420; x_wconf 88' lang='lat' dir='ltr'><strong>veluti</strong></span> <span class='ocrx_word' id='word_1_97' title='bbox 694 2357 814 2419; x_wconf 89' lang='lat' dir='ltr'><strong>tiro</strong></span> <span class='ocrx_word' id='word_1_98' title='bbox 861 2358 1162 2437; x_wconf 86' lang='lat' dir='ltr'><strong>egredius</strong></span> <span class='ocrx_word' id='word_1_99' title='bbox 1220 2366 1513 2438; x_wconf 88' lang='lat' dir='ltr'><strong>potenter</strong></span> <span class='ocrx_word' id='word_1_100' title='bbox 1559 2359 1922 2438; x_wconf 83' lang='lat' dir='ltr'><strong>agrediens,</strong></span> <span class='ocrx_word' id='word_1_101' title='bbox 1964 2360 2182 2439; x_wconf 86' lang='lat' dir='ltr'><strong>plures</strong></span> <span class='ocrx_word' id='word_1_102' title='bbox 2228 2376 2311 2420; x_wconf 85' lang='lat' dir='ltr'><strong>ex</strong></span> <span class='ocrx_word' id='word_1_103' title='bbox 2349 2358 2597 2421; x_wconf 89' lang='lat' dir='ltr'><strong>eisdem</strong></span> <span class='ocrx_word' id='word_1_104' title='bbox 2637 2361 2699 2421; x_wconf 91' lang='lat' dir='ltr'><strong>in</strong></span> 
     </span>
     <span class='ocr_line' id='line_1_17' title="bbox 453 2464 2703 2544; baseline 0.001 -20"><span class='ocrx_word' id='word_1_105' title='bbox 453 2471 687 2526; x_wconf 88' lang='lat' dir='ltr'><strong>terram</strong></span> <span class='ocrx_word' id='word_1_106' title='bbox 711 2464 1109 2543; x_wconf 86' lang='lat' dir='ltr'><strong>prostrando</strong></span> <span class='ocrx_word' id='word_1_107' title='bbox 1143 2471 1425 2544; x_wconf 86' lang='lat' dir='ltr'><strong>stragem</strong></span> <span class='ocrx_word' id='word_1_108' title='bbox 1452 2465 1602 2527; x_wconf 88' lang='lat' dir='ltr'><strong>fecit</strong></span> <span class='ocrx_word' id='word_1_109' title='bbox 1631 2483 1765 2527; x_wconf 90' lang='lat' dir='ltr'><strong>non</strong></span> <span class='ocrx_word' id='word_1_110' title='bbox 1796 2466 2144 2543; x_wconf 85' lang='lat' dir='ltr'><strong>modicam,</strong></span> <span class='ocrx_word' id='word_1_111' title='bbox 2178 2467 2430 2528; x_wconf 89' lang='lat' dir='ltr'><strong>cunctis</strong></span> <span class='ocrx_word' id='word_1_112' title='bbox 2462 2468 2703 2528; x_wconf 88' lang='lat' dir='ltr'><strong>seculis</strong></span> 
     </span>
     <span class='ocr_line' id='line_1_18' title="bbox 453 2568 2699 2661; baseline 0 -27"><span class='ocrx_word' id='word_1_113' title='bbox 453 2571 965 2649; x_wconf 87' lang='lat' dir='ltr'><strong>memorandam,</strong></span> <span class='ocrx_word' id='word_1_114' title='bbox 995 2571 1231 2661; x_wconf 81' lang='lat' dir='ltr'><strong>ibidem</strong></span> <span class='ocrx_word' id='word_1_115' title='bbox 1266 2573 1461 2635; x_wconf 87' lang='lat' dir='ltr'><strong>etiam</strong></span> <span class='ocrx_word' id='word_1_116' title='bbox 1485 2573 1707 2654; x_wconf 88' lang='lat' dir='ltr'><strong>plures</strong></span> <span class='ocrx_word' id='word_1_117' title='bbox 1732 2568 1962 2637; x_wconf 85' lang='lat' dir='ltr'><strong>fideles</strong></span> <span class='ocrx_word' id='word_1_118' title='bbox 1994 2575 2174 2654; x_wconf 90' lang='lat' dir='ltr'><strong>regni</strong></span> <span class='ocrx_word' id='word_1_119' title='bbox 2200 2574 2399 2637; x_wconf 87' lang='lat' dir='ltr'><strong>nostri</strong></span> <span class='ocrx_word' id='word_1_120' title='bbox 2426 2574 2699 2650; x_wconf 79' lang='lat' dir='ltr'><strong>nobileS‚</strong></span> 
     </span>
     <span class='ocr_line' id='line_1_19' title="bbox 453 2679 2706 2759; baseline 0.001 -19"><span class='ocrx_word' id='word_1_121' title='bbox 453 2679 799 2742; x_wconf 87' lang='lat' dir='ltr'><strong>familiares</strong></span> <span class='ocrx_word' id='word_1_122' title='bbox 831 2680 1073 2742; x_wconf 89' lang='lat' dir='ltr'><strong>scilicet</strong></span> <span class='ocrx_word' id='word_1_123' title='bbox 1105 2681 1311 2759; x_wconf 87' lang='lat' dir='ltr'><strong>ipsius</strong></span> <span class='ocrx_word' id='word_1_124' title='bbox 1333 2680 1652 2743; x_wconf 89' lang='lat' dir='ltr'><strong>Johannis</strong></span> <span class='ocrx_word' id='word_1_125' title='bbox 1677 2682 1829 2743; x_wconf 89' lang='lat' dir='ltr'><strong>bani</strong></span> <span class='ocrx_word' id='word_1_126' title='bbox 1856 2690 2237 2744; x_wconf 86' lang='lat' dir='ltr'><strong>corruerunt</strong></span> <span class='ocrx_word' id='word_1_127' title='bbox 2263 2690 2327 2743; x_wconf 95' lang='lat' dir='ltr'><strong>et</strong></span> <span class='ocrx_word' id='word_1_128' title='bbox 2358 2683 2451 2743; x_wconf 89' lang='lat' dir='ltr'><strong>sic</strong></span> <span class='ocrx_word' id='word_1_129' title='bbox 2482 2688 2706 2743; x_wconf 89' lang='lat' dir='ltr'><strong>nostre</strong></span> 
     </span>
     <span class='ocr_line' id='line_1_20' title="bbox 455 2786 2702 2851; baseline 0.001 -4"><span class='ocrx_word' id='word_1_130' title='bbox 455 2787 717 2848; x_wconf 86' lang='lat' dir='ltr'><strong>claritati</strong></span> <span class='ocrx_word' id='word_1_131' title='bbox 758 2786 985 2848; x_wconf 86' lang='lat' dir='ltr'><strong>fideles</strong></span> <span class='ocrx_word' id='word_1_132' title='bbox 1029 2787 1319 2849; x_wconf 81' lang='lat' dir='ltr'><strong>exhibuit</strong></span> <span class='ocrx_word' id='word_1_133' title='bbox 1352 2787 1726 2851; x_wconf 78' lang='lat' dir='ltr'><strong>famulatus,</strong></span> <span class='ocrx_word' id='word_1_134' title='bbox 1773 2787 2076 2851; x_wconf 90' lang='lat' dir='ltr'><strong>Ceterum</strong></span> <span class='ocrx_word' id='word_1_135' title='bbox 2119 2788 2276 2851; x_wconf 91' lang='lat' dir='ltr'><strong>dum</strong></span> <span class='ocrx_word' id='word_1_136' title='bbox 2319 2796 2541 2851; x_wconf 89' lang='lat' dir='ltr'><strong>nostra</strong></span> <span class='ocrx_word' id='word_1_137' title='bbox 2580 2788 2702 2850; x_wconf 90' lang='lat' dir='ltr'><strong>cel-</strong></span> 
     </span>
     <span class='ocr_line' id='line_1_21' title="bbox 455 2894 2703 2974; baseline 0.001 -20"><span class='ocrx_word' id='word_1_138' title='bbox 455 2894 669 2957; x_wconf 87' lang='lat' dir='ltr'><strong>situdo</strong></span> <span class='ocrx_word' id='word_1_139' title='bbox 717 2895 1123 2974; x_wconf 88' lang='lat' dir='ltr'><strong>temporibus</strong></span> <span class='ocrx_word' id='word_1_140' title='bbox 1181 2896 1571 2974; x_wconf 83' lang='lat' dir='ltr'><strong>retrolapsiS,</strong></span> <span class='ocrx_word' id='word_1_141' title='bbox 1622 2896 1984 2957; x_wconf 88' lang='lat' dir='ltr'><strong>instaurato</strong></span> <span class='ocrx_word' id='word_1_142' title='bbox 2030 2896 2430 2959; x_wconf 88' lang='lat' dir='ltr'><strong>validissimo</strong></span> <span class='ocrx_word' id='word_1_143' title='bbox 2478 2903 2703 2958; x_wconf 89' lang='lat' dir='ltr'><strong>nostro</strong></span> 
     </span>
     <span class='ocr_line' id='line_1_22' title="bbox 454 3002 2695 3081; baseline 0.001 -19"><span class='ocrx_word' id='word_1_144' title='bbox 454 3002 756 3079; x_wconf 89' lang='lat' dir='ltr'><strong>exercitu,</strong></span> <span class='ocrx_word' id='word_1_145' title='bbox 779 3002 875 3063; x_wconf 76' lang='lat' dir='ltr'><strong>&#39;ad</strong></span> <span class='ocrx_word' id='word_1_146' title='bbox 907 3019 1180 3081; x_wconf 89' lang='lat' dir='ltr'><strong>regnum</strong></span> <span class='ocrx_word' id='word_1_147' title='bbox 1215 3002 1530 3080; x_wconf 86' lang='lat' dir='ltr'><strong>Bulgarie,</strong></span> <span class='ocrx_word' id='word_1_148' title='bbox 1567 3002 1841 3064; x_wconf 81' lang='lat' dir='ltr'><strong>fluvium</strong></span> <span class='ocrx_word' id='word_1_149' title='bbox 1874 3002 2157 3065; x_wconf 91' lang='lat' dir='ltr'><strong>Danubii</strong></span> <span class='ocrx_word' id='word_1_150' title='bbox 2195 3002 2695 3078; x_wconf 87' lang='lat' dir='ltr'><strong>transfretand0‚</strong></span> 
     </span>
     <span class='ocr_line' id='line_1_23' title="bbox 457 3099 2698 3189; baseline 0.001 -20"><span class='ocrx_word' id='word_1_151' title='bbox 457 3110 563 3171; x_wconf 89' lang='lat' dir='ltr'><strong>ubi</strong></span> <span class='ocrx_word' id='word_1_152' title='bbox 612 3126 1023 3189; x_wconf 88' lang='lat' dir='ltr'><strong>paganorum</strong></span> <span class='ocrx_word' id='word_1_153' title='bbox 1080 3109 1271 3170; x_wconf 90' lang='lat' dir='ltr'><strong>nobis</strong></span> <span class='ocrx_word' id='word_1_154' title='bbox 1318 3115 1381 3171; x_wconf 89' lang='lat' dir='ltr'><strong>et</strong></span> <span class='ocrx_word' id='word_1_155' title='bbox 1427 3099 1643 3188; x_wconf 86' lang='lat' dir='ltr'><strong>regnis</strong></span> <span class='ocrx_word' id='word_1_156' title='bbox 1700 3110 1940 3171; x_wconf 89' lang='lat' dir='ltr'><strong>nostris</strong></span> <span class='ocrx_word' id='word_1_157' title='bbox 1995 3110 2463 3173; x_wconf 89' lang='lat' dir='ltr'><strong>inimicantium</strong></span> <span class='ocrx_word' id='word_1_158' title='bbox 2518 3112 2698 3189; x_wconf 91' lang='lat' dir='ltr'><strong>polu-</strong></span> 
     </span>
     <span class='ocr_line' id='line_1_24' title="bbox 457 3216 2702 3296; baseline 0 -20"><span class='ocrx_word' id='word_1_159' title='bbox 457 3217 629 3277; x_wconf 88' lang='lat' dir='ltr'><strong>labat</strong></span> <span class='ocrx_word' id='word_1_160' title='bbox 674 3216 1041 3289; x_wconf 85' lang='lat' dir='ltr'><strong>multitudO,</strong></span> <span class='ocrx_word' id='word_1_161' title='bbox 1093 3233 1165 3277; x_wconf 92' lang='lat' dir='ltr'><strong>se</strong></span> <span class='ocrx_word' id='word_1_162' title='bbox 1212 3219 1646 3279; x_wconf 86' lang='lat' dir='ltr'><strong>transtulisset</strong></span> <span class='ocrx_word' id='word_1_163' title='bbox 1692 3225 1758 3278; x_wconf 91' lang='lat' dir='ltr'><strong>et</strong></span> <span class='ocrx_word' id='word_1_164' title='bbox 1803 3223 2090 3279; x_wconf 85' lang='lat' dir='ltr'><strong>castrum</strong></span> <span class='ocrx_word' id='word_1_165' title='bbox 2140 3217 2441 3296; x_wconf 62' lang='lat' dir='ltr'><strong>NYkapol</strong></span> <span class='ocrx_word' id='word_1_166' title='bbox 2470 3217 2702 3278; x_wconf 87' lang='lat' dir='ltr'><strong>fuisset</strong></span> 
     </span>
     <span class='ocr_line' id='line_1_25' title="bbox 454 3323 2697 3404; baseline 0 -20"><span class='ocrx_word' id='word_1_167' title='bbox 454 3323 932 3385; x_wconf 87' lang='lat' dir='ltr'><strong>circumvallata</strong></span> <span class='ocrx_word' id='word_1_168' title='bbox 988 3330 1051 3384; x_wconf 92' lang='lat' dir='ltr'><strong>et</strong></span> <span class='ocrx_word' id='word_1_169' title='bbox 1109 3323 1397 3401; x_wconf 71' lang='lat' dir='ltr'><strong>Bayzato</strong></span> <span class='ocrx_word' id='word_1_170' title='bbox 1455 3325 1840 3404; x_wconf 87' lang='lat' dir='ltr'><strong>imperatore</strong></span> <span class='ocrx_word' id='word_1_171' title='bbox 1886 3332 2041 3386; x_wconf 89' lang='lat' dir='ltr'><strong>tunc</strong></span> <span class='ocrx_word' id='word_1_172' title='bbox 2092 3326 2153 3386; x_wconf 92' lang='lat' dir='ltr'><strong>in</strong></span> <span class='ocrx_word' id='word_1_173' title='bbox 2203 3324 2493 3387; x_wconf 86' lang='lat' dir='ltr'><strong>Tornow</strong></span> <span class='ocrx_word' id='word_1_174' title='bbox 2547 3342 2697 3385; x_wconf 91' lang='lat' dir='ltr'><strong>cum</strong></span> 
     </span>
     <span class='ocr_line' id='line_1_26' title="bbox 454 3416 2699 3509; baseline 0 -18"><span class='ocrx_word' id='word_1_175' title='bbox 454 3416 850 3492; x_wconf 85' lang='lat' dir='ltr'><strong>validissima</strong></span> <span class='ocrx_word' id='word_1_176' title='bbox 868 3431 1157 3509; x_wconf 91' lang='lat' dir='ltr'><strong>potentia</strong></span> <span class='ocrx_word' id='word_1_177' title='bbox 1176 3428 1552 3492; x_wconf 89' lang='lat' dir='ltr'><strong>Turkorum</strong></span> <span class='ocrx_word' id='word_1_178' title='bbox 1576 3432 1894 3495; x_wconf 81' lang='lat' dir='ltr'><strong>existente</strong></span> <span class='ocrx_word' id='word_1_179' title='bbox 1916 3433 2086 3495; x_wconf 92' lang='lat' dir='ltr'><strong>idem</strong></span> <span class='ocrx_word' id='word_1_180' title='bbox 2106 3433 2443 3494; x_wconf 88' lang='lat' dir='ltr'><strong>Johannes</strong></span> <span class='ocrx_word' id='word_1_181' title='bbox 2462 3432 2699 3506; x_wconf 80' lang='lat' dir='ltr'><strong>banuS,</strong></span> 
     </span>
     <span class='ocr_line' id='line_1_27' title="bbox 460 3536 2699 3618; baseline 0.001 -20"><span class='ocrx_word' id='word_1_182' title='bbox 460 3554 538 3598; x_wconf 89' lang='lat' dir='ltr'><strong>ex</strong></span> <span class='ocrx_word' id='word_1_183' title='bbox 570 3545 796 3599; x_wconf 88' lang='lat' dir='ltr'><strong>nostro</strong></span> <span class='ocrx_word' id='word_1_184' title='bbox 829 3536 1141 3599; x_wconf 88' lang='lat' dir='ltr'><strong>mandato</strong></span> <span class='ocrx_word' id='word_1_185' title='bbox 1172 3537 1254 3598; x_wconf 89' lang='lat' dir='ltr'><strong>ad</strong></span> <span class='ocrx_word' id='word_1_186' title='bbox 1287 3537 1757 3617; x_wconf 82' lang='lat' dir='ltr'><strong>explorandam</strong></span> <span class='ocrx_word' id='word_1_187' title='bbox 1799 3541 2155 3618; x_wconf 90' lang='lat' dir='ltr'><strong>potentiam</strong></span> <span class='ocrx_word' id='word_1_188' title='bbox 2197 3539 2402 3618; x_wconf 90' lang='lat' dir='ltr'><strong>ipsius</strong></span> <span class='ocrx_word' id='word_1_189' title='bbox 2436 3538 2699 3618; x_wconf 73' lang='lat' dir='ltr'><strong>Bayzati</strong></span> 
     </span>
     <span class='ocr_line' id='line_1_28' title="bbox 454 3644 2701 3724; baseline 0.001 -20"><span class='ocrx_word' id='word_1_190' title='bbox 454 3661 584 3708; x_wconf 91' lang='lat' dir='ltr'><strong>non</strong></span> <span class='ocrx_word' id='word_1_191' title='bbox 617 3644 1031 3711; x_wconf 89' lang='lat' dir='ltr'><strong>formidando</strong></span> <span class='ocrx_word' id='word_1_192' title='bbox 1078 3646 1438 3724; x_wconf 87' lang='lat' dir='ltr'><strong>periculum</strong></span> <span class='ocrx_word' id='word_1_193' title='bbox 1486 3663 1606 3707; x_wconf 89' lang='lat' dir='ltr'><strong>sue</strong></span> <span class='ocrx_word' id='word_1_194' title='bbox 1656 3662 1958 3723; x_wconf 89' lang='lat' dir='ltr'><strong>persone,</strong></span> <span class='ocrx_word' id='word_1_195' title='bbox 2009 3646 2129 3708; x_wconf 91' lang='lat' dir='ltr'><strong>sed</strong></span> <span class='ocrx_word' id='word_1_196' title='bbox 2180 3646 2535 3708; x_wconf 88' lang='lat' dir='ltr'><strong>ostendens</strong></span> <span class='ocrx_word' id='word_1_197' title='bbox 2579 3646 2701 3708; x_wconf 83' lang='lat' dir='ltr'><strong>sue</strong></span> 
     </span>
     <span class='ocr_line' id='line_1_29' title="bbox 454 3752 2699 3832; baseline 0.001 -19"><span class='ocrx_word' id='word_1_198' title='bbox 454 3752 894 3814; x_wconf 87' lang='lat' dir='ltr'><strong>strennuitatis</strong></span> <span class='ocrx_word' id='word_1_199' title='bbox 939 3752 1309 3827; x_wconf 89' lang='lat' dir='ltr'><strong>audaciam,</strong></span> <span class='ocrx_word' id='word_1_200' title='bbox 1359 3753 1569 3814; x_wconf 88' lang='lat' dir='ltr'><strong>noctis</strong></span> <span class='ocrx_word' id='word_1_201' title='bbox 1610 3753 1674 3813; x_wconf 92' lang='lat' dir='ltr'><strong>in</strong></span> <span class='ocrx_word' id='word_1_202' title='bbox 1707 3753 1973 3815; x_wconf 89' lang='lat' dir='ltr'><strong>silencio</strong></span> <span class='ocrx_word' id='word_1_203' title='bbox 2022 3753 2376 3830; x_wconf 84' lang='lat' dir='ltr'><strong>redeundO,</strong></span> <span class='ocrx_word' id='word_1_204' title='bbox 2411 3753 2699 3832; x_wconf 88' lang='lat' dir='ltr'><strong>quodam</strong></span> 
     </span>
     <span class='ocr_line' id='line_1_30' title="bbox 455 3852 2701 3939; baseline 0.001 -19"><span class='ocrx_word' id='word_1_205' title='bbox 455 3858 764 3921; x_wconf 82' lang='lat' dir='ltr'><strong>familiare</strong></span> <span class='ocrx_word' id='word_1_206' title='bbox 788 3876 912 3921; x_wconf 92' lang='lat' dir='ltr'><strong>suo</strong></span> <span class='ocrx_word' id='word_1_207' title='bbox 935 3859 1171 3920; x_wconf 91' lang='lat' dir='ltr'><strong>ibidem</strong></span> <span class='ocrx_word' id='word_1_208' title='bbox 1195 3860 1597 3939; x_wconf 90' lang='lat' dir='ltr'><strong>interempto,</strong></span> <span class='ocrx_word' id='word_1_209' title='bbox 1623 3861 1794 3922; x_wconf 90' lang='lat' dir='ltr'><strong>idem</strong></span> <span class='ocrx_word' id='word_1_210' title='bbox 1816 3861 2152 3922; x_wconf 87' lang='lat' dir='ltr'><strong>Johannes</strong></span> <span class='ocrx_word' id='word_1_211' title='bbox 2176 3861 2389 3923; x_wconf 88' lang='lat' dir='ltr'><strong>banus</strong></span> <span class='ocrx_word' id='word_1_212' title='bbox 2411 3852 2701 3922; x_wconf 81' lang='lat' dir='ltr'><strong>nostram</strong></span> 
     </span>
     <span class='ocr_line' id='line_1_31' title="bbox 458 3966 2696 4046; baseline 0.001 -19"><span class='ocrx_word' id='word_1_213' title='bbox 458 3967 867 4028; x_wconf 87' lang='lat' dir='ltr'><strong>serenitatem</strong></span> <span class='ocrx_word' id='word_1_214' title='bbox 901 3966 981 4028; x_wconf 91' lang='lat' dir='ltr'><strong>de</strong></span> <span class='ocrx_word' id='word_1_215' title='bbox 1018 3968 1308 4045; x_wconf 91' lang='lat' dir='ltr'><strong>potentia</strong></span> <span class='ocrx_word' id='word_1_216' title='bbox 1352 3967 1557 4046; x_wconf 87' lang='lat' dir='ltr'><strong>ipsius</strong></span> <span class='ocrx_word' id='word_1_217' title='bbox 1603 3967 1867 4044; x_wconf 62' lang='lat' dir='ltr'><strong>Bayzati</strong></span> <span class='ocrx_word' id='word_1_218' title='bbox 1908 3969 2261 4030; x_wconf 88' lang='lat' dir='ltr'><strong>certissime</strong></span> <span class='ocrx_word' id='word_1_219' title='bbox 2311 3966 2696 4029; x_wconf 88' lang='lat' dir='ltr'><strong>informavit.</strong></span> 
     </span>
     <span class='ocr_line' id='line_1_32' title="bbox 454 4072 2710 4154; baseline 0.001 -20"><span class='ocrx_word' id='word_1_220' title='bbox 454 4072 608 4136; x_wconf 91' lang='lat' dir='ltr'><strong>Item</strong></span> <span class='ocrx_word' id='word_1_221' title='bbox 667 4074 861 4136; x_wconf 90' lang='lat' dir='ltr'><strong>etiam</strong></span> <span class='ocrx_word' id='word_1_222' title='bbox 920 4073 1139 4135; x_wconf 87' lang='lat' dir='ltr'><strong>itinere</strong></span> <span class='ocrx_word' id='word_1_223' title='bbox 1188 4075 1251 4136; x_wconf 90' lang='lat' dir='ltr'><strong>in</strong></span> <span class='ocrx_word' id='word_1_224' title='bbox 1299 4075 1535 4136; x_wconf 88' lang='lat' dir='ltr'><strong>eodem</strong></span> <span class='ocrx_word' id='word_1_225' title='bbox 1582 4093 1735 4136; x_wconf 86' lang='lat' dir='ltr'><strong>cum</strong></span> <span class='ocrx_word' id='word_1_226' title='bbox 1785 4076 1954 4137; x_wconf 88' lang='lat' dir='ltr'><strong>circa</strong></span> <span class='ocrx_word' id='word_1_227' title='bbox 2002 4083 2289 4137; x_wconf 89' lang='lat' dir='ltr'><strong>castrum</strong></span> <span class='ocrx_word' id='word_1_228' title='bbox 2336 4075 2710 4154; x_wconf 69' lang='lat' dir='ltr'><strong>predictum·</strong></span> 
     </span>
     <span class='ocr_line' id='line_1_33' title="bbox 453 4178 2701 4261; baseline 0.001 -21"><span class='ocrx_word' id='word_1_229' title='bbox 453 4178 751 4260; x_wconf 66' lang='lat' dir='ltr'><strong>NYkapol</strong></span> <span class='ocrx_word' id='word_1_230' title='bbox 820 4181 962 4261; x_wconf 88' lang='lat' dir='ltr'><strong>ipsa</strong></span> <span class='ocrx_word' id='word_1_231' title='bbox 1031 4187 1256 4243; x_wconf 91' lang='lat' dir='ltr'><strong>nostra</strong></span> <span class='ocrx_word' id='word_1_232' title='bbox 1335 4183 1665 4259; x_wconf 81' lang='lat' dir='ltr'><strong>maiestaS,</strong></span> <span class='ocrx_word' id='word_1_233' title='bbox 1744 4200 1894 4244; x_wconf 92' lang='lat' dir='ltr'><strong>cum</strong></span> <span class='ocrx_word' id='word_1_234' title='bbox 1966 4182 2255 4260; x_wconf 63' lang='lat' dir='ltr'><strong>Bayzato</strong></span> <span class='ocrx_word' id='word_1_235' title='bbox 2326 4183 2701 4261; x_wconf 89' lang='lat' dir='ltr'><strong>supradicto</strong></span> 
     </span>
     <span class='ocr_line' id='line_1_34' title="bbox 455 4287 2701 4367; baseline 0.001 -19"><span class='ocrx_word' id='word_1_236' title='bbox 455 4287 782 4367; x_wconf 90' lang='lat' dir='ltr'><strong>principali</strong></span> <span class='ocrx_word' id='word_1_237' title='bbox 849 4294 1069 4350; x_wconf 89' lang='lat' dir='ltr'><strong>nostre</strong></span> <span class='ocrx_word' id='word_1_238' title='bbox 1127 4288 1482 4351; x_wconf 89' lang='lat' dir='ltr'><strong>maiestatis</strong></span> <span class='ocrx_word' id='word_1_239' title='bbox 1548 4290 1809 4352; x_wconf 91' lang='lat' dir='ltr'><strong>inimico</strong></span> <span class='ocrx_word' id='word_1_240' title='bbox 1873 4290 2246 4351; x_wconf 86' lang='lat' dir='ltr'><strong>conflictum</strong></span> <span class='ocrx_word' id='word_1_241' title='bbox 2314 4290 2550 4351; x_wconf 87' lang='lat' dir='ltr'><strong>durum</strong></span> <span class='ocrx_word' id='word_1_242' title='bbox 2611 4290 2701 4349; x_wconf 93' lang='lat' dir='ltr'><strong>in-</strong></span> 
     </span>
     <span class='ocr_line' id='line_1_35' title="bbox 455 4394 2701 4472; baseline 0.002 -19"><span class='ocrx_word' id='word_1_243' title='bbox 455 4394 693 4472; x_wconf 84' lang='lat' dir='ltr'><strong>ivisset,</strong></span> <span class='ocrx_word' id='word_1_244' title='bbox 727 4394 898 4456; x_wconf 89' lang='lat' dir='ltr'><strong>idem</strong></span> <span class='ocrx_word' id='word_1_245' title='bbox 930 4394 1268 4458; x_wconf 89' lang='lat' dir='ltr'><strong>Johannes</strong></span> <span class='ocrx_word' id='word_1_246' title='bbox 1300 4398 1513 4458; x_wconf 89' lang='lat' dir='ltr'><strong>banus</strong></span> <span class='ocrx_word' id='word_1_247' title='bbox 1551 4395 1893 4459; x_wconf 83' lang='lat' dir='ltr'><strong>confidens</strong></span> <span class='ocrx_word' id='word_1_248' title='bbox 1927 4397 1992 4458; x_wconf 94' lang='lat' dir='ltr'><strong>in</strong></span> <span class='ocrx_word' id='word_1_249' title='bbox 2029 4398 2306 4469; x_wconf 87' lang='lat' dir='ltr'><strong>audacia</strong></span> <span class='ocrx_word' id='word_1_250' title='bbox 2344 4415 2463 4458; x_wconf 88' lang='lat' dir='ltr'><strong>sue</strong></span> <span class='ocrx_word' id='word_1_251' title='bbox 2499 4407 2701 4458; x_wconf 88' lang='lat' dir='ltr'><strong>stren-</strong></span> 
     </span>
     <span class='ocr_line' id='line_1_36' title="bbox 453 4502 2702 4584; baseline 0.001 -22"><span class='ocrx_word' id='word_1_252' title='bbox 453 4502 735 4578; x_wconf 79' lang='lat' dir='ltr'><strong>nuitatiS,</strong></span> <span class='ocrx_word' id='word_1_253' title='bbox 770 4510 1083 4581; x_wconf 87' lang='lat' dir='ltr'><strong>tanquam</strong></span> <span class='ocrx_word' id='word_1_254' title='bbox 1113 4505 1210 4565; x_wconf 88' lang='lat' dir='ltr'><strong>vir</strong></span> <span class='ocrx_word' id='word_1_255' title='bbox 1241 4512 1595 4566; x_wconf 90' lang='lat' dir='ltr'><strong>strennuus</strong></span> <span class='ocrx_word' id='word_1_256' title='bbox 1628 4505 1982 4568; x_wconf 87' lang='lat' dir='ltr'><strong>nonnullos</strong></span> <span class='ocrx_word' id='word_1_257' title='bbox 2010 4522 2094 4566; x_wconf 85' lang='lat' dir='ltr'><strong>ex</strong></span> <span class='ocrx_word' id='word_1_258' title='bbox 2127 4504 2429 4584; x_wconf 89' lang='lat' dir='ltr'><strong>predictis</strong></span> <span class='ocrx_word' id='word_1_259' title='bbox 2466 4504 2702 4566; x_wconf 86' lang='lat' dir='ltr'><strong>Turcis</strong></span> 
     </span>
     <span class='ocr_line' id='line_1_37' title="bbox 453 4607 2743 4692; baseline 0.002 -24"><span class='ocrx_word' id='word_1_260' title='bbox 453 4607 838 4684; x_wconf 87' lang='lat' dir='ltr'><strong>prostrando</strong></span> <span class='ocrx_word' id='word_1_261' title='bbox 858 4610 1240 4673; x_wconf 88' lang='lat' dir='ltr'><strong>sevissimas</strong></span> <span class='ocrx_word' id='word_1_262' title='bbox 1258 4612 1601 4673; x_wconf 88' lang='lat' dir='ltr'><strong>vulnerum</strong></span> <span class='ocrx_word' id='word_1_263' title='bbox 1627 4614 1888 4673; x_wconf 88' lang='lat' dir='ltr'><strong>sustulit</strong></span> <span class='ocrx_word' id='word_1_264' title='bbox 1912 4614 2160 4692; x_wconf 73' lang='lat' dir='ltr'><strong>plagas</strong></span> <span class='ocrx_word' id='word_1_265' title='bbox 2189 4613 2257 4675; x_wconf 90' lang='lat' dir='ltr'><strong>In</strong></span> <span class='ocrx_word' id='word_1_266' title='bbox 2285 4631 2417 4691; x_wconf 88' lang='lat' dir='ltr'><strong>quo</strong></span> <span class='ocrx_word' id='word_1_267' title='bbox 2437 4610 2698 4690; x_wconf 89' lang='lat' dir='ltr'><strong>quidem</strong></span> <span class='ocrx_word' id='word_1_268' title='bbox 2738 4652 2743 4657; x_wconf 86' lang='lat'><em>-</em></span> 
     </span>
    </p>
   </div>
  </div>
 </body>
</html>
