3475 5200
1433 353 1821 442 —111-

1429 662 1827 738 CLXXXIV.

1190 875 1406 957 Buda,
1453 877 1650 942 1437.
1699 885 1889 962 περὶ.
1938 878 2046 944 27.

504 1038 789 1103 Zsigmond
829 1037 992 1105 kiraly
1030 1013 1299 1090 Thalloczi
1340 1037 1573 1101 Mathko,
1612 1036 1822 1101 dalmat,
1862 1037 2049 1089 horvat
2094 1037 2153 1090 es
2201 1040 2420 1090 szlavon
2459 1036 2669 1089 bannak
2686 1038 2747 1090 es

502 1126 868 1192 testvereinek‚
920 1129 1248 1189 Frankonak‚
1286 1125 1539 1178 Petemek
1577 1126 1635 1178 es
1672 1126 1958 1190 Jfinosnak,
1995 1130 2283 1179 tekintetbe
2321 1125 2453 1178 veve
2501 1135 2744 1180 nevezet-

504 1219 712 1280 teknek,
760 1218 1056 1270 kiil'dnosen
1121 1218 1443 1269 Mathkonak
1506 1233 1539 1267 a
1594 1217 1750 1268 szerb
1804 1215 2077 1279 re'szeken‚
2146 1216 2383 1269 tovfibba
2434 1234 2466 1269 a
2517 1219 2743 1269 toriikok

501 1307 634 1357 ellen
691 1305 1025 1358 Bosznifiban
1080 1305 1138 1358 es
1195 1306 1365 1373 egyeb
1403 1305 1980 1372 alkalmatossagokkor
2016 1312 2243 1359 szerzett
2278 1305 2543 1370 erdemeit,
2588 1306 2743 1359 nehai

499 1394 678 1446 Alsfini
733 1396 959 1462 Gergely
1013 1398 1098 1458 fia,
1136 1395 1423 1459 Jinosnak,
1462 1395 1628 1447 Valko
1674 1395 2061 1462 varmegyeben
2102 1395 2261 1448 fekv6
2317 1398 2561 1448 birtokait
2616 1400 2745 1448 ado-

1468 1502 1779 1552 manyozza.

895 1650 995 1714 Ad
1042 1651 1457 1714 literatorium
1503 1650 1890 1713 mandatum
1939 1650 2182 1714 domini
2228 1652 2648 1731 imperatoris.

713 1774 852 1838 Nos
917 1775 1378 1855 Sigismundus
1443 1776 1543 1837 dei
1608 1776 1814 1854 gratia
1878 1774 2320 1838 Romanorum
2396 1778 2742 1860 imperator

500 1900 758 1963 semper
801 1889 1145 1963 augustus,
1194 1901 1272 1944 ac
1320 1883 1671 1962 Hungarie,
1711 1883 2044 1956 Bohemie,
2083 1882 2421 1962 Dalmatie‚
2484 1883 2741 1947 Croatie

498 1997 616 2052 ete.
666 2007 799 2052 rex,
849 1990 1171 2053 Piesentis
1217 1999 1280 2052 et
1325 1997 1583 2070 postere
1631 1991 1819 2052 etatis
1866 1990 2205 2052 hominum
2252 1991 2472 2053 notitie
2504 1983 2738 2055 harum

497 2105 718 2159 tenore
764 2099 1073 2160 volumus
1138 2098 1270 2159 fieri
1337 2097 1779 2175 manifestum,
1847 2097 2023 2176 quod
2072 2116 2473 2178 quamquam
2521 2099 2736 2161 native

496 2205 689 2267 animi
755 2205 955 2267 nostri
1004 2205 1412 2285 benignitatis
1477 2205 1670 2268 officii
1719 2212 1783 2268 et
1831 2205 2153 2284 regiminis
2218 2206 2301 2267 ab
2366 2207 2498 2267 alto
2546 2206 2738 2268 nobis

497 2313 710 2374 crediti
759 2319 823 2374 et
867 2313 951 2374 ad
1001 2312 1178 2390 quod
1225 2313 1441 2375 divina
1477 2314 1846 2393 provisione
1892 2314 2155 2376 feliciter
2201 2331 2436 2376 sumus
2482 2315 2736 2377 evocati

497 2419 748 2500 fastigio
796 2427 858 2481 et
905 2421 1209 2499 dignitate
1258 2420 1596 2497 suadente,
1623 2421 1865 2483 intersit
1911 2421 2314 2500 singulorum
2364 2427 2734 2484 nostrorum

495 2525 776 2589 fidelium
824 2527 1266 2590 subiectorum
1314 2528 1607 2607 obsequii
1652 2529 2075 2608 gratitudines
2112 2530 2356 2609 premio
2388 2530 2737 2591 comitente

491 2636 795 2714 prosequi
857 2637 1160 2715 gratioso.
1225 2654 1585 2716 eorumque
1649 2637 1890 2699 meritis
1954 2637 2386 2701 benivolentia
2444 2644 2734 2700 nostram

491 2740 794 2821 adaptere
861 2743 1022 2805 inter
1086 2751 1362 2807 cunctos
1427 2751 1644 2806 tamen
1712 2762 2015 2807 curarum
2081 2745 2422 2825 impulsuS,
2492 2744 2732 2823 quibus

397 2888 410 2894 -
491 2865 677 2911 mens
740 2858 963 2913 nostra
1025 2851 1433 2930 negotiorum
1497 2852 1853 2931 pluralitate
1913 2852 2188 2914 faciente
2253 2851 2624 2914 distrahitur
2670 2859 2734 2914 et

489 2973 665 3018 nunc
709 2957 859 3035 huc,
909 2975 1082 3019 nunc
1113 2976 1270 3021 vero
1302 2959 1449 3020 illuc
1481 2959 1791 3021 continua
1839 2959 2241 3021 revolutione
2274 2959 2531 3038 rapitur,
2561 2959 2731 3020 hanc

488 3062 807 3138 habemus
869 3066 1352 3128 meditationem
1435 3067 1830 3146 precipuam,
1896 3074 1968 3129 ut
2030 3067 2282 3129 illorum
2357 3073 2731 3128 nostrorum

487 3170 773 3234 fidelium
822 3174 1046 3235 merita
1091 3173 1396 3253 singulari
1443 3174 1876 3236 benivolentia
1921 3176 2406 3254 amplectamur,
2447 3190 2728 3252 quorum

488 3278 819 3356 probitatis
883 3279 1114 3342 indicia
1178 3288 1239 3342 et
1305 3283 1746 3344 strennuitatis
1810 3298 2009 3362 opera
2073 3281 2420 3360 magnifica
2485 3280 2728 3341 nedum

486 3400 708 3447 coram
773 3395 992 3450 nostre
1057 3387 1411 3451 maiestatis
1476 3390 1681 3452 oculis
1748 3388 2344 3452 commendabiliter
2405 3386 2728 3465 effulsere,

485 3508 711 3554 verum
758 3494 951 3555 etiarn
998 3501 1383 3557 cunctorum
1430 3497 1700 3558 aliorum
1749 3496 2083 3559 obtutibus
2130 3497 2373 3557 clarent
2410 3501 2473 3556 et
2522 3511 2727 3573 appa-

484 3606 621 3659 rent
685 3599 1032 3680 evidenter,
1101 3605 1342 3684 quique
1408 3605 1469 3666 in
1537 3604 1895 3667 multifariis
1960 3603 2375 3666 fidelitatibus
2422 3602 2729 3665 radicitus

485 3703 734 3767 solidati
799 3724 933 3769 non
981 3711 1196 3773 solum
1244 3730 1284 3772 a
1329 3712 1608 3792 pristinis
1655 3712 1989 3787 desistent,
2040 3711 2347 3791 temporis
2411 3708 2726 3790 impositis

457 3812 812 3892 'obsequiis
876 3832 1105 3880 eorum
1151 3819 1280 3881 fine
1325 3819 1521 3897 facto,
1571 3820 1726 3899 quin
1782 3837 1941 3899 ymo
1988 3818 2190 3881 nostri
2235 3818 2477 3880 favoris
2522 3817 2728 3897 gratia

487 3929 912 3983 concurrente
932 3924 1016 3985 ad
1039 3925 1256 3987 futura
1280 3926 1471 3988 nobis
1502 3927 1869 3990 exhibenda
1900 3927 2324 3989 famulamina
2354 3924 2725 4005 promptiori

483 4034 745 4107 sumpta
789 4015 1213 4094 sollicitudine
1259 4034 1628 4096 efficiuntur
1672 4035 1970 4114 aptiores
2030 4033 2207 4096 Sane
2258 4033 2421 4094 inter
2471 4039 2727 4093 ceteros

480 4134 854 4210 ymoverius
901 4156 1011 4217 pre
1050 4140 1276 4202 ceteris
1323 4142 1561 4204 nostris
1609 4141 1910 4203 fidelibus
1958 4141 2162 4203 fidelis
2210 4146 2430 4202 noster
2474 4139 2722 4200 sincere

483 4238 751 4305 dilectus
798 4245 1186 4324 magnificus
1231 4247 1504 4310 Mathko
1553 4248 1632 4310 de
1678 4248 2012 4310 Tallowcz
2059 4265 2406 4328 regnorum
2464 4252 2722 4308 nostro-

481 4363 621 4409 rum
669 4348 987 4415 Dalmatie
1051 4361 1113 4414 et
1161 4353 1416 4417 Croatie
1481 4363 1917 4435 pretactorum
1980 4374 2060 4418 ac
2114 4357 2313 4418 totius
2377 4352 2722 4431 Sclavonie

479 4452 691 4517 banus
736 4474 995 4539 semper
1040 4479 1082 4522 a
1125 4478 1246 4523 sue
1293 4462 1725 4525 adolescentie
1773 4470 2064 4545 tempore
2113 4466 2219 4527 tali
2252 4472 2316 4526 et
2345 4470 2525 4525 tanta
2566 4477 2721 4540 erga

479 4577 600 4624 nos
663 4562 841 4628 fulsit
902 4566 1031 4630 fide
1096 4576 1159 4630 et
1228 4569 1570 4633 devotione
1644 4570 2135 4651 famulandique
2212 4571 2719 4654 promptitudine
