3475 5200
1666 333 2049 386 -112—

734 550 902 612 sicut
951 556 1015 611 et
1059 551 1123 612 in
1171 559 1366 613 antea
1412 569 1566 613 eum
1613 552 1940 615 facturum
1987 571 2121 616 non
2187 553 2600 634 ambigimuS,
2664 557 2843 635 quod
2906 573 2988 619 ea

730 658 957 720 omnia
1020 658 1141 721 stili
1206 658 1424 722 officio
1498 665 1563 722 et
1624 660 2088 740 scripturarum
2154 661 2574 725 denotatione
2609 645 2773 725 *non
2841 664 2983 725 sine

730 764 989 828 tedioso
1052 765 1271 828 labore
1336 774 1608 846 possent
1654 784 1770 846 per
1824 767 2081 848 singula
2146 769 2414 847 exarari,
2480 770 2697 849 aliqua
2762 778 2981 832 tamen

729 873 935 953 ipsius
999 872 1374 935 Mathkonis
1438 874 1587 937 bani
1653 874 1976 937 fidelitatis
2042 876 2359 956 obsequia
2423 877 2613 940 nobis
2679 882 2743 939 et
2798 895 2982 940 sacre

731 981 911 1059 regni
959 981 1160 1042 nostri
1208 980 1539 1060 Hungarie
1587 998 1827 1044 corone
1874 982 2273 1045 laudabiliter
2320 984 2731 1064 exhibitaque
2777 984 2983 1047 vivaci

729 1087 930 1166 digna
949 1087 1234 1150 existunt
1253 1088 1544 1151 recordio
1568 1089 1798 1151 ceteris
1823 1091 2058 1154 nostris
2090 1090 2411 1166 fidelibuS,
2432 1091 2630 1153 veluti
2652 1092 2985 1170 quoddam

732 1194 1037 1257 bonitatis
1084 1197 1443 1275 speculum.
1499 1195 1623 1257 Pro
1671 1195 1813 1258 eius
1858 1197 2069 1259 laudis
2116 1197 2432 1260 memoria
2477 1199 2870 1278 sempiterna
2915 1199 2979 1260 in

730 1302 1109 1380 exemplum
1173 1320 1417 1382 ponere
1482 1303 1840 1383 cupienteS,
1888 1311 1962 1365 ut
2008 1304 2239 1366 eadem
2286 1322 2409 1366 nec
2454 1311 2752 1368 vetustas
2797 1305 2984 1368 etatis

731 1409 997 1471 obolere
1041 1411 1274 1487 valeat,
1309 1428 1432 1474 nec
1463 1411 1864 1474 occurrentis
1896 1412 2207 1491 temporis
2238 1429 2628 1474 successura
2670 1413 2985 1475 curricula

732 1516 935 1578 surda
981 1517 1409 1580 taciturnitate
1457 1518 1874 1596 concludant,
1924 1519 2062 1597 ipse
2110 1520 2404 1582 calamus
2452 1519 2787 1582 scribentis
2823 1520 2984 1583 noti-

736 1621 932 1686 ficare
996 1642 1129 1687 non
1195 1626 1547 1706 postponit.
1617 1626 1886 1688 Dudum
1944 1626 2262 1706 siquidem
2311 1633 2571 1689 mortuo
2616 1632 2680 1688 et
2727 1627 2810 1688 ab
2857 1627 2984 1688 hoc

733 1733 960 1793 seculo
1007 1733 1267 1794 sublato
1315 1733 1598 1795 condam
1643 1734 1864 1795 illustri
1914 1733 2250 1814 Stephano
2298 1734 2576 1813 despoto
2622 1732 2872 1810 Rascie,
2921 1734 2981 1795 in

735 1839 927 1901 cuius
972 1846 1128 1903 tunc
1177 1840 1480 1903 manibus
1527 1848 1743 1903 castra
1788 1850 2014 1906 nostra
2061 1841 2290 1920 regalis
2337 1839 2874 1903 Nandoralbense
2920 1847 2984 1903 et

735 1944 1137 2008 Galambocz
1184 1948 1611 2026 habebantur,
1661 1948 1937 2029 ipsoque
1985 1956 2199 2010 castro
2246 1947 2781 2010 Nandoralbense
2829 1966 2985 2011 mox

737 2052 1046 2115 manibus
1077 2054 1317 2117 nostris
1338 2055 1619 2118 devento
1645 2062 1709 2118 et
1741 2057 2084 2136 applicato,
2114 2055 2286 2117 dicto
2324 2072 2480 2117 vero
2513 2062 2729 2118 castro
2761 2065 2984 2117 nostro

735 2159 1138 2224 Galambocz
1186 2179 1268 2223 ex
1315 2163 1700 2226 tradimento
1749 2164 1911 2225 illius
1953 2162 2359 2242 perfidissimi
2409 2169 2471 2223 et
2511 2162 2985 2225 sceleratissimi

734 2268 1009 2330 Jeremie
1074 2287 1192 2350 pro
1258 2278 1416 2332 tunc
1481 2272 1652 2333 idem
1699 2270 1979 2333 tenentis
2026 2288 2067 2332 a
2113 2269 2302 2332 nobis
2347 2269 2551 2350 proch
2598 2270 2876 2332 alienato
2923 2276 2987 2332 et

738 2393 853 2455 per
899 2378 1280 2439 sevissimos
1326 2377 1604 2456 TurCOS,
1654 2377 1864 2440 crucis
1912 2377 2144 2439 Christi
2192 2383 2641 2457 persecutores
2696 2383 2986 2440 nostros-

739 2501 870 2561 que
919 2491 983 2545 et
1028 2485 1206 2563 regni
1255 2485 1456 2547 nostri
1503 2486 1758 2547 emulos
1807 2493 2105 2565 surrepto
2154 2490 2216 2546 et
2263 2492 2607 2564 occupat0‚
2657 2484 2817 2546 dum
2865 2501 2989 2546 nos

742 2591 1039 2655 volentes
1085 2591 1258 2655 idem
1306 2600 1592 2656 castrum
1631 2593 1716 2655 ab
1750 2593 2041 2672 ipsorum
2074 2592 2441 2655 Tuscorum
2474 2591 2779 2655 manibus
2811 2610 2989 2654 recu-

737 2715 985 2777 perare,
1034 2699 1250 2779 ipsum
1298 2718 1449 2762 cum
1497 2702 1709 2764 valido
1759 2700 2044 2763 exercitu
2092 2700 2511 2781 personaliter
2556 2699 2987 2762 obsidendum

736 2803 1163 2884 duxeramuS,
1212 2807 1504 2888 prefatus
1552 2808 1822 2870 Mathko
1871 2810 2085 2871 banus
2118 2826 2190 2870 se
2222 2826 2373 2869 cum
2422 2806 2673 2869 decenti
2700 2808 2985 2886 gentium

738 2918 804 2972 et
852 2911 1256 2976 familiarium
1306 2933 1577 2979 suorum
1626 2917 1928 2979 comitiva
1976 2915 2342 2978 secundum
2399 2920 2696 2978 nostrum
2760 2922 2990 2976 votum

738 3025 804 3079 et
850 3020 1232 3085 mandatum
1281 3040 1362 3084 ex
1410 3041 1544 3085 una
1589 3029 1769 3103 parte
1816 3023 2028 3103 figens
2067 3023 2129 3084 in
2182 3022 2663 3102 expugnatione
2696 3020 2989 3083 eiusdem

739 3127 936 3189 veluti
983 3129 1079 3191 vir
1123 3137 1430 3193 strenuus
1496 3136 1559 3193 et
1622 3131 1805 3210 agilis
1862 3148 2087 3193 curam
2136 3129 2353 3192 ferens
2395 3129 2732 3208 solicitam,
2774 3130 2987 3209 ipsum

739 3233 807 3294 in
855 3236 1044 3298 certis
1092 3239 1232 3300 eius
1281 3239 1511 3301 meniis
1558 3246 1621 3300 et
1668 3239 1950 3301 turribus
1997 3256 2111 3317 per
2157 3237 2420 3299 crebras
2465 3237 2774 3317 lapidum,
2809 3236 2989 3298 bom-

741 3340 1087 3405 bardarum
1139 3345 1526 3408 emissiones
1574 3346 1741 3408 ictus
1790 3346 2024 3408 ictibus
2080 3345 2474 3408 continuans
2538 3345 2781 3408 fortiter
2842 3344 2988 3406 fecit

743 3448 1106 3528 impugnari
1176 3469 1260 3514 ex
1324 3454 1510 3514 cuius
1575 3453 1859 3534 diligenti
1917 3452 2324 3516 solicitudine
2390 3459 2452 3514 et
2499 3452 2715 3515 solerti
2761 3468 2987 3532 procu-

743 3557 990 3618 ratione
1039 3560 1357 3623 notabiles
1404 3561 1672 3623 turrium
1721 3567 1788 3623 et
1832 3578 2167 3623 murorum
2219 3562 2407 3623 castri
2456 3560 2722 3640 pretacti
2778 3563 2987 3636 partes

742 3679 858 3742 per
902 3664 1192 3743 ipsorum
1237 3669 1525 3747 lapidum
1558 3686 1675 3730 seu
1724 3669 2089 3748 globorum,
2122 3667 2625 3730 bombardarum
2673 3664 2987 3728 violentos

741 3770 1066 3850 impulsus
1112 3774 1318 3836 dirute
1366 3775 1727 3838 extiterunt.
1763 3774 2101 3854 Nobisque
2148 3774 2413 3836 tandem
2445 3774 2528 3835 ab
2570 3773 2773 3852 ipsius
2804 3770 2989 3833 castri

741 3879 1082 3943 obsidione
1131 3881 1316 3944 factis
1363 3891 1427 3944 et
1473 3883 1740 3945 firmatis
1788 3884 1949 3945 inter
1996 3899 2119 3944 nos
2157 3889 2220 3943 et
2252 3882 2591 3943 dominum
2628 3879 2987 3941 Turcorum

740 3993 941 4065 atque
1005 3987 1261 4052 Turcos
1326 3991 1515 4052 certis
1581 3991 1826 4071 treugis
1903 3990 2403 4065 discedentibuS‚
2484 3986 2987 4066 Danubiumque

743 4095 998 4174 absque
1045 4097 1301 4175 aliquali
1335 4097 1702 4161 fortitudine
1735 4097 1862 4160 sub
1895 4097 2270 4159 huiusmodi
2303 4096 2545 4175 treugis
2577 4093 2757 4174 pacis
2788 4100 2988 4155 trans-

744 4201 977 4265 fretare
1053 4206 1443 4282 volentibus,
1521 4204 1663 4284 ipse
1740 4205 2012 4267 Mathko
2091 4206 2306 4266 banus
2384 4210 2673 4265 nostram
2753 4200 2987 4278 ubique

744 4310 1085 4387 sequendo
1133 4312 1559 4389 maiestatem,
1593 4319 1818 4375 contra
1869 4313 2175 4391 ipsosque
2222 4311 2480 4373 Turcos
2521 4316 2793 4389 protunc
2825 4307 2987 4368 frau-

745 4418 1013 4479 dulenta
1094 4420 1436 4482 hostilitate
1507 4438 1631 4483 nos
1719 4427 1783 4481 et
1866 4415 2125 4482 nostros
2211 4419 2556 4480 nobiscum
2620 4416 2985 4488 existentes,

743 4525 1158 4590 transfretata
1204 4528 1332 4589 iarn
1383 4537 1444 4590 et
1490 4547 1531 4590 a
1578 4528 1768 4591 nobis
1807 4534 2107 4607 separata
2139 4526 2361 4588 maiori
2410 4531 2589 4604 parte
2621 4523 2769 4586 dicti
2792 4519 2987 4585 nostri
