3475 5200
1446 287 1838 345 -311-'4

518 497 827 573 omnibus
872 510 1087 573 modis
1133 509 1498 573 subsidium
1528 508 1682 571 illud
1722 511 1810 571 ab
1857 509 1951 571 eis
1996 510 2273 589 exigere,
2306 515 2370 571 et
2400 508 2545 571 licet
2576 509 2765 570 etiarn

520 617 681 680 alias
744 617 855 680 tibi
922 616 1270 699 superinde
1333 616 1672 703 scripsisse
1739 624 1803 679 et
1868 617 2277 680 commisisse
2333 615 2769 693 recordamur,

517 712 736 787 tamen
785 742 998 804 usque
1044 722 1246 787 modo
1293 724 1941 787 connumerationem
2005 725 2216 805 ipsam
2275 723 2341 785 in
2390 724 2579 786 bonis
2645 725 2769 785 tuis

521 834 612 894 uti
659 833 1037 913 accepimus
1084 832 1218 895 fieri
1284 849 1420 895 non
1466 831 1830 912 permisisti,
1884 849 2037 894 cum
2101 838 2323 893 autem
2384 831 2546 893 inter
2608 833 2773 893 alins

518 940 881 1020 regnicolas
945 940 1144 1002 huius
1209 939 1388 1018 regni
1455 940 1656 1001 nostri
1720 944 1794 1001 tu
1859 956 2121 1018 quoque
2185 946 2261 1000 ut
2304 939 2637 1018 prefertur,
2689 941 2770 1001 de

519 1045 712 1109 bonis
755 1047 887 1111 tuis
952 1044 1106 1109 illud
1170 1046 1361 1108 nobis
1424 1046 1862 1108 exolvendum
1932 1044 2261 1122 obtuleriS,
2327 1045 2665 1108 hortamur
2709 1053 2773 1109 et

518 1155 903 1234 requirimus
922 1153 1297 1237 fidelitatem
1317 1161 1521 1228 tuam,
1548 1152 1759 1216 eidem
1780 1153 2237 1216 nichilominus
2267 1153 2769 1229 comminantes,

519 1270 846 1341 quatenus
893 1261 1182 1342 prefatos
1229 1261 1529 1324 homines
1558 1269 1620 1323 et
1651 1260 1971 1323 dicatores
2003 1268 2266 1323 nostros
2297 1260 2382 1323 ad
2419 1260 2769 1323 dicandum

519 1377 583 1432 et
627 1370 1236 1433 connumerandum
1285 1369 1465 1432 bona
1511 1376 1575 1431 et
1620 1369 2084 1448 possessiones
2129 1376 2279 1431 tuas
2335 1367 2550 1431 ubivis
2596 1377 2657 1430 et
2709 1369 2769 1429 in

516 1478 1017 1557 quibuscunque
1086 1476 1502 1539 comitatibus
1569 1477 1770 1539 huius
1834 1476 2012 1557 regni
2077 1478 2428 1539 existentes
2491 1474 2769 1549 habitas,

518 1585 658 1647 sine
723 1586 1058 1648 renitentia
1126 1591 1192 1647 et
1236 1584 1614 1646 difficultate
1679 1585 1991 1661 emittere,
2055 1584 2339 1663 illudque
2404 1582 2773 1645 subsidium

519 1692 709 1755 nobis
756 1692 837 1754 de
884 1691 1132 1754 eisdem
1200 1693 1393 1754 bonis
1459 1693 1588 1754 tuis
1650 1683 2100 1755 administrare
2147 1707 2357 1768 cureS,
2404 1690 2773 1753 videbimus

518 1799 803 1877 tandem,
854 1800 963 1878 qui
1010 1807 1243 1880 postea
1289 1799 1370 1861 de
1420 1817 1647 1862 eorum
1715 1800 1907 1862 bonis
1971 1799 2309 1861 extradare
2374 1799 2773 1862 recusabunt

518 1912 584 1968 et
637 1907 829 1968 nobis
894 1907 986 1969 uti
1053 1907 1373 1969 hactenus
1438 1924 1512 1969 se
1576 1925 1909 1988 opponere
1972 1907 2330 1984 audebunt,
2397 1906 2573 1969 aliud
2637 1925 2769 1969 non

519 2012 768 2076 facturi.
819 2013 1061 2076 Datum
1103 2013 1286 2077 Bude
1335 2014 1397 2075 in
1446 2014 1548 2076 die
1581 2013 1912 2091 Cinctum,
1946 2032 2124 2076 anno
2157 2014 2400 2076 domini
2435 2021 2554 2077 etc.
2589 2017 2769 2093 quin-

515 2122 878 2201 gentesimo
923 2123 1128 2184 tertie.

731 2260 970 2326 Kivul:
1014 2264 1364 2345 Magnifico
1398 2264 1682 2345 Georgio
1716 2264 1799 2328 de
1823 2264 2114 2343 Kan’ysa,
2138 2265 2314 2326 bano
2344 2264 2534 2325 castri
2564 2265 2765 2325 nostri

518 2368 1093 2450 Nandoralbensis,
1143 2371 1314 2434 fideli
1363 2372 1553 2435 nobis
1599 2372 1853 2436 dilecto.

733 2528 955 2589 Eredeti,
995 2531 1161 2594 papir,
1199 2526 1432 2581 zdrlatan
1469 2528 1651 2596 pecso't
1687 2527 2058 2581 toredekeivel.
2096 2527 2168 2581 M.
2206 2527 2270 2581 N.
2309 2528 2383 2580 M.
2419 2529 2476 2579 lt.

1474 2816 1771 2881 CDXXV
1773 2817 1818 2881 1.

1230 3014 1446 3091 Bada,
1495 3012 1691 3079 1503.
1731 3013 1886 3096 jan.
1935 3013 2044 3079 11.

519 3169 585 3222 11.
615 3170 830 3224 Ulfiszlo
857 3170 1023 3237 kirfily
1048 3172 1529 3238 bizonysriglevele,
1556 3176 1700 3238 hogy
1728 3172 2037 3224 Dobanoczi
2067 3174 2246 3226 Torok
2273 3174 2502 3225 Balaban
2529 3175 2769 3234 ozvegys

522 3257 693 3324 Iloua,
733 3261 983 3315 Kanizsai
1009 3262 1232 3330 Gybrgy
1265 3261 1711 3329 nandorfejervari
1755 3261 1885 3314 bant
1920 3279 1950 3315 a
1989 3265 2108 3315 neki
2146 3264 2365 3314 okozott
2417 3261 2581 3314 kirok
2633 3278 2769 3326 meg-

1285 3351 1495 3406 terito'se
1532 3353 1636 3405 alol
1672 3354 2018 3407 solmentette.

732 3506 875 3570 Nos
920 3508 1322 3572 Wladislaus
1370 3510 1472 3571 dei
1520 3509 1724 3590 gratia
1772 3528 1887 3572 rex
1935 3509 2267 3591 Hungarie
2325 3515 2389 3571 et
2455 3510 2765 3574 Bohemie

518 3621 638 3678 ete.
690 3617 1000 3678 memorie
1071 3616 1636 3695 commendamus,
1702 3616 1883 3697 quod
1948 3617 2181 3681 nobilis
2246 3617 2511 3680 domina
2565 3617 2770 3681 Elei-13

516 3730 771 3800 vocata,
846 3723 1062 3786 relicta
1127 3725 1462 3804 quondam
1523 3726 1835 3788 Ballaban
1899 3723 2143 3788 Thurci
2209 3725 2291 3788 de
2345 3725 2769 3788 Dobanowcz

515 3845 713 3893 onere
763 3838 827 3892 et
873 3831 1161 3910 quolibet
1190 3831 1570 3911 gravamine
1600 3833 1921 3895 Johannis
1953 3833 2060 3895 filii
2089 3834 2190 3895 sui
2217 3832 2283 3894 in
2316 3850 2389 3895 se
2427 3842 2769 3914 assumpto

515 3952 739 3999 coram
812 3946 1037 4001 nostra
1112 3941 1435 4019 personali
1505 3941 1832 4020 presentia
1907 3940 2328 4021 personaliter
2422 3940 2773 4002 constituta

515 4052 750 4123 sponte
797 4052 861 4107 et
904 4045 1099 4108 libere
1165 4054 1265 4110 est
1329 4047 1638 4110 confessa
1702 4048 1767 4110 in
1834 4049 2010 4132 hunc
2057 4049 2351 4111 modum.
2417 4047 2769 4128 Quomodo

513 4150 658 4231 ipsa
704 4152 1126 4232 magnificum
1176 4153 1531 4233 Georgium
1579 4155 1661 4216 de
1708 4154 1981 4235 Kanysa
2027 4157 2274 4217 banum
2329 4153 2522 4216 castri
2568 4162 2769 4226 nostri

513 4258 1067 4323 Nandoralbensis
1092 4278 1291 4341 super
1321 4261 1642 4324 universis
1675 4261 1938 4337 iniuriis,
1973 4262 2294 4343 dampniS,
2335 4262 2769 4338 nocumentis,

512 4365 767 4429 actibus
823 4369 1281 4447 potentiarum,
1332 4385 1544 4436 rerum
1593 4376 1658 4431 et
1716 4369 2041 4432 bonorum
2096 4370 2530 4449 quorumlibet
2595 4372 2769 4431 abla-

510 4474 817 4552 tionibus,
849 4475 988 4537 aliis
1032 4476 1226 4537 etiam
1275 4477 1613 4555 quibusvis
1661 4479 1985 4539 malorum
2030 4477 2378 4557 generibus
2425 4493 2637 4557 usque
2685 4482 2765 4538 ad

2849 2061 2949 2105 1:513

2841 2133 2977 2177 ama
2992 2165 3001 2177 .
