3475 5200
1770 358 2156 410 —322—

838 578 1008 655 dere,
1057 578 1174 640 sed
1215 595 1393 640 nunc
1444 577 1603 639 satis
1636 587 1754 639 est.
1805 577 1934 641 Ubi
1965 583 2185 638 autem
2225 576 2441 638 scribit
2470 585 2688 639 vestra
2734 579 3080 657 magnifica

838 686 1192 749 dominatio
1238 691 1311 748 ut
1359 684 1805 747 recordaretur
1849 684 1932 746 de
1980 684 2166 746 dictis
2213 701 2436 745 coram
2485 684 2752 746 domino
2800 684 3077 766 Georgio

838 797 916 857 de
961 793 1223 868 Bathor,
1292 798 1356 855 et
1405 791 1583 871 quod
1635 800 1863 873 parata
1928 798 2028 853 est
2091 791 2196 853 illa
2261 790 2612 872 adimplere
2679 809 2894 872 neque
2958 811 3078 855 nos

834 902 1105 965 dubium
1170 901 1524 963 habuimus
1589 917 1806 980 neque
1876 900 2223 972 habemuS‚
2290 898 2408 961 sed
2463 901 2779 963 vellemus
2832 907 2905 964 ut
2952 901 3076 963 iam

838 1016 1050 1073 vestra
1114 1009 1464 1088 magnifica
1527 1008 1886 1070 dominatio
1933 1007 2132 1068 finem
2186 1005 2401 1068 facere
2446 1007 2617 1070 velit.
2683 1006 2814 1071 Ubi
2858 1016 3074 1071 autem

834 1117 1022 1179 refert
1087 1124 1304 1179 vestra
1369 1115 1717 1194 magnifica
1784 1114 2142 1177 dominatio
2198 1113 2281 1174 de
2327 1114 2672 1192 tricesima,
2738 1116 2867 1178 hoc
2915 1117 3076 1178 bene

838 1226 997 1287 scire
1055 1224 1286 1304 poterit
1333 1223 1585 1299 eadem,
1654 1227 1724 1283 ut
1772 1222 1878 1283 illa
1924 1221 2248 1283 tricesima
2313 1227 2412 1283 est
2481 1223 2652 1302 regie
2699 1224 3075 1299 maiestatiS,

834 1352 954 1397 sua
982 1334 1292 1396 maiestas
1322 1333 1522 1393 libera
1561 1330 1679 1392 fuit
1711 1331 1904 1392 michi
1953 1331 2127 1408 dare,
2178 1331 2377 1393 libera
2424 1336 2525 1392 est
2563 1330 2754 1392 etiarn
2803 1349 2844 1391 a
2892 1331 3076 1393 nobis

837 1442 1114 1522 recipere
1160 1445 1226 1501 et
1271 1439 1423 1501 dare
1467 1439 1569 1500 cui
1621 1440 1751 1500 wlt.
1802 1437 2040 1500 Credat
2078 1445 2298 1501 vestra
2330 1438 2679 1518 magnifica
2722 1438 3075 1501 dominatio

834 1548 1010 1629 quod
1058 1565 1184 1610 nos
1230 1547 1532 1608 libentius
1570 1553 1634 1607 et
1679 1562 1859 1606 nunc
1906 1545 2077 1606 illam
2110 1563 2440 1607 summam
2474 1564 2515 1606 a
2546 1564 2671 1607 sua
2717 1547 3073 1617 maiestate,

838 1674 950 1737 pro
997 1674 1128 1735 qua
1170 1661 1270 1717 est
1298 1661 1458 1733 aput
1505 1670 1628 1715 nos
1675 1654 1801 1714 ista
1836 1652 2166 1715 tricesima
2190 1653 2607 1731 haberemuS,
2655 1671 2854 1732 quam
2887 1654 3070 1716 istam

832 1764 1238 1825 tricesimam.
1306 1760 1448 1823 Nos
1487 1767 1709 1822 autem
1740 1760 1804 1820 in
1838 1761 1966 1822 hoc
2014 1760 2206 1822 nichil
2251 1761 2648 1840 precogitare
2696 1778 3072 1841 possumus,

834 1885 898 1933 nt
947 1870 1158 1932 honor
1203 1869 1496 1931 eiusdem
1543 1868 1606 1929 in
1654 1868 1872 1947 aliquo
1921 1867 2353 1947 impediretur.
2404 1865 2580 1930 Sciat
2617 1868 2812 1930 etiam
2859 1877 3072 1931 vestra

838 1977 1186 2057 magnifica
1231 1976 1589 2038 dominatio
1636 1976 1814 2054 quod
1863 1992 1995 2037 non
2030 1993 2146 2054 per
2190 1975 2362 2037 duos
2408 1993 2642 2053 annos,
2688 1994 2919 2056 ymmo
2964 1993 3073 2055 per

830 2104 969 2163 sex,
1035 2085 1089 2147 si
1137 2085 1262 2146 ista
1307 2084 1631 2145 tricesima
1687 2082 1751 2144 in
1801 2083 2107 2146 manibus
2163 2083 2402 2145 nostris
2457 2090 2653 2161 esset,
2702 2083 2922 2145 adhuc
2969 2084 3070 2144 vix

754 2197 766 2209 *
830 2193 934 2253 illa
981 2209 1244 2255 summa
1294 2192 1376 2252 ad
1428 2209 1666 2253 manus
1733 2198 1994 2252 nostras
2058 2190 2329 2252 veniret.
2399 2188 2525 2253 Ubi
2573 2197 2793 2253 autem
2861 2191 3070 2253 scribit

832 2306 1047 2362 vestra
1102 2298 1453 2379 magnifica
1498 2298 1876 2375 dominati0‚
1926 2304 1998 2359 ut
2044 2297 2234 2359 nobis
2299 2315 2413 2377 per
2458 2298 2762 2360 homines
2808 2300 2914 2360 vel
2958 2316 3070 2379 per

830 2408 1173 2470 familiares
1201 2407 1496 2468 eiusdem
1529 2406 1845 2467 intimabit
1878 2405 2214 2484 quomodo
2247 2405 2460 2467 honor
2505 2406 2849 2467 hominum
2897 2406 3065 2486 regio

826 2517 983 2574 dum
1055 2533 1096 2575 a
1144 2514 1333 2575 nobis
1393 2513 1840 2590 licentiabitur‚
1908 2513 2119 2574 eidem
2187 2530 2302 2593 per
2367 2530 2492 2575 nos
2557 2513 2832 2591 dabitur,
2894 2513 3064 2592 quod

830 2621 996 2683 illam
1043 2622 1215 2683 viam
1264 2639 1378 2701 per
1421 2628 1679 2684 vestros
1725 2622 2011 2684 famulos
2056 2628 2274 2682 vestra
2319 2620 2668 2701 magnifica
2713 2621 3063 2684 dominatio

830 2729 1163 2805 intimabit,
1221 2729 1305 2789 ibi
1356 2728 1768 2807 intelligimus
1824 2736 1898 2790 ut
1946 2729 2176 2790 eadem
2244 2729 2440 2790 nollet
2505 2745 2588 2789 ne
2651 2728 2855 2790 homo
2900 2731 3062 2809 regie

830 2837 1183 2898 maiestatis
1228 2835 1312 2898 ad
1361 2834 1423 2898 id
1473 2853 1587 2915 per
1633 2853 1822 2898 suam
1882 2836 2290 2897 maiestatem
2337 2835 2689 2915 deputatus
2733 2836 2899 2897 inter
2947 2854 3063 2898 nos

830 2950 1020 3014 esset,
1051 2945 1271 3005 credat
1302 2950 1521 3005 vestra
1553 2943 1903 3022 magnifica
1932 2942 2307 3020 dominati0‚
2342 2950 2414 3004 ut
2446 2959 2570 3003 nos
2618 2943 2862 3004 nullam
2895 2945 3057 3006 viam

830 3054 955 3114 iam
1009 3051 1409 3133 precogitare
1474 3067 1861 3130 possumuS,
1929 3057 2000 3110 ut
2045 3067 2198 3110 cum
2246 3049 2494 3111 honore
2550 3057 2773 3111 nostro
2822 3050 2887 3111 id
2934 3050 3061 3112 fieri

826 3166 1068 3238 posset,
1116 3159 1237 3220 nisi
1284 3158 1338 3219 si
1386 3157 1622 3219 eadem
1654 3157 1775 3218 scit
1813 3174 2024 3236 neque
2057 3163 2129 3217 ut
2159 3156 2442 3236 intelligo
2473 3157 2830 3237 quidquam
2872 3158 3060 3220 etiam

830 3265 1168 3327 [iobiscum
1216 3282 1456 3326 curans
1503 3265 1706 3326 homo
1755 3265 1925 3343 regie
1976 3264 2331 3326 maiestatis
2378 3265 2697 3344 pueriliter
2741 3266 2828 3327 ad
2873 3283 3060 3328 suam

826 3373 1230 3435 maiestatem
1278 3372 1456 3434 haud
1503 3372 1790 3434 accedet.
1840 3372 1993 3434 Ideo
2059 3372 2112 3433 si
2160 3370 2415 3434 videtur
2457 3367 2672 3433 vestre
2721 3373 3058 3452 magnifice

826 3481 1244 3542 dominationi
1292 3480 1376 3541 nil
1421 3487 1614 3542 nocet
1646 3488 1716 3541 ut
1748 3480 1917 3541 idem
1952 3480 2074 3541 ista
2106 3480 2235 3541 iam
2274 3481 2644 3558 complanet
2676 3489 2741 3542 et
2770 3479 3061 3543 determi-

826 3593 951 3665 net,
1000 3587 1153 3666 quia
1203 3587 1368 3648 bene
1416 3587 1535 3649 scit
1582 3594 1803 3649 vestra
1836 3586 2182 3666 magnifica
2228 3586 2606 3664 dominatio,
2656 3594 2729 3649 ut
2776 3605 2901 3651 nos
2945 3589 3060 3669 ipsi

822 3711 955 3755 nnn
1003 3711 1364 3773 possumus
1411 3694 1744 3770 mandare,
1816 3700 1889 3755 ut
1934 3693 2195 3755 recedat
2243 3693 2383 3755 sine
2428 3693 2685 3773 aliquali
2734 3694 2885 3756 fine.
2934 3695 3059 3759 Ubi

822 3810 1040 3864 autem
1108 3801 1326 3864 scribit
1385 3808 1600 3864 vestra
1664 3801 2015 3880 magnifica
2079 3800 2456 3879 dominatio,
2505 3808 2578 3863 ut
2625 3818 2757 3864 non
2805 3809 3062 3882 propter

822 3914 948 3974 hnc
993 3916 1094 3972 est
1150 3911 1340 3971 nobis
1387 3910 1612 3971 datum
1678 3909 2061 3971 banderium
2126 3909 2535 3989 despotatus,
2601 3918 2673 3971 ut
2720 3909 2898 3971 bona
2943 3927 3061 3972 sue

822 4018 1174 4080 maiestatis
1221 4017 1684 4091 desolarentur,
1736 4017 1865 4077 iam
1907 4016 2151 4096 optime
2183 4021 2400 4097 potest
2430 4015 2779 4095 intelligere
2809 4017 3057 4091 eadem,

822 4127 996 4202 quod
1043 4143 1168 4188 nos
1215 4142 1332 4204 pro
1387 4125 1584 4186 tantis
1638 4125 1942 4203 dampnis
1991 4124 2186 4186 nichil
2233 4123 2530 4201 fecimuS,
2587 4123 2669 4185 de
2717 4124 2846 4185 hoc
2892 4125 3059 4202 cogi·

818 4242 952 4294 tare
999 4240 1214 4313 potest
1259 4233 1511 4308 eadem,
1561 4238 1634 4292 ut
1679 4247 1804 4294 nos
1852 4249 1984 4294 non
2028 4239 2337 4311 optamus
2370 4230 2811 4294 desolationes
2859 4231 3058 4294 bono·

818 4356 962 4399 rum
1011 4356 1131 4401 sue
1171 4340 1543 4402 maiestatis.
1595 4337 1697 4401 Ex
1747 4356 1901 4418 qu0,
1935 4340 2061 4400 deo
2100 4338 2316 4413 dante,
2351 4355 2712 4400 econverso
2741 4337 3058 4418 potuisset

822 4445 952 4506 lieri
1018 4446 1351 4508 viceversa
1415 4446 1495 4508 de
1561 4446 1866 4526 dampnis
1944 4446 2202 4520 nostriS,
2272 4462 2397 4507 nos
2462 4445 2630 4507 bene
2697 4462 3055 4524 possumus

822 4554 1047 4627 dicere,
1107 4561 1178 4613 ut
1233 4555 1285 4614 si
1334 4553 1552 4632 aliqua
1607 4571 1723 4633 per
1770 4561 2031 4615 nostros
2079 4553 2381 4614 homines
2444 4553 2723 4614 fuissent
2769 4559 2940 4629 acta,
2987 4559 3055 4613 ut
