3475 5200
1386 370 1776 424 ——105—

457 588 637 649 laum
711 585 1111 652 Saracenurn
1177 588 1569 653 detinuisses
1634 607 1754 652 seu
1813 589 2237 669 captivasses‚
2295 596 2452 652 tunc
2511 591 2706 655 etiam

460 695 796 757 castellum
842 695 1134 775 ipsorum
1183 696 1606 761 Cristalloucz
1646 702 1956 759 vocatum
1996 704 2403 776 cunctasque
2440 715 2706 778 posses-

462 803 682 865 siones
735 820 850 883 per
914 802 1173 867 fratrem
1229 812 1416 868 tuum
1474 806 1837 868 Perkonem
1888 810 1951 867 et
1996 805 2158 867 alios
2202 811 2357 867 tuos
2403 805 2707 869 homines

462 910 763 989 occupari
803 910 1271 991 universasque
1303 929 1408 975 res
1439 918 1504 973 et
1531 912 1710 975 bona
1741 911 2022 990 mobilia,
2054 920 2212 992 puta
2252 914 2601 976 thesauros
2641 921 2707 975 et

462 1017 817 1096 argenteria
857 1035 936 1079 ac
967 1018 1092 1080 alia
1138 1019 1420 1098 quelibet
1465 1020 1748 1100 pretiosa
1794 1020 2089 1083 clenodia
2134 1020 2339 1101 ipsius
2385 1020 2541 1083 Jose
2569 1038 2703 1084 non

463 1124 697 1187 modici
743 1125 876 1188 imo
925 1126 1143 1206 magni
1191 1128 1371 1207 pretii
1429 1135 1492 1188 et
1537 1127 1778 1190 valoris
1824 1127 2017 1208 recipi
2049 1128 2322 1191 fecisses
2354 1134 2418 1189 et
2453 1127 2706 1206 auferri,

461 1250 628 1311 quas
692 1238 756 1295 et
819 1249 947 1313 que
1012 1235 1231 1297 omnia
1297 1235 1360 1297 in
1428 1235 1716 1315 quodam
1783 1235 2054 1315 registro
2119 1253 2232 1316 per
2295 1253 2448 1298 eum
2513 1235 2706 1299 nobis

464 1339 911 1403 demonstrato
947 1341 1312 1422 conscripta
1341 1341 1623 1404 vidimus
1666 1341 1996 1404 contineri.
2032 1342 2201 1404 Inter
2244 1359 2412 1422 quas
2442 1343 2706 1421 quidem

461 1464 563 1509 res
607 1447 815 1527 ipsius
871 1448 1029 1512 Josa
1082 1448 1278 1511 Turci
1326 1450 1519 1512 etiarn
1564 1450 1829 1530 quidam
1875 1449 2033 1512 liber
2078 1457 2298 1512 nostre
2349 1451 2707 1514 maiestatis

458 1553 671 1617 literas
717 1572 837 1617 seu
886 1555 1238 1636 scripturas
1283 1555 1690 1620 Turconicas
1733 1558 2078 1636 legemque
2114 1556 2471 1620 Makometi
2516 1558 2580 1621 in
2631 1576 2705 1621 se

459 1663 818 1732 continens,
868 1665 976 1742 qui
1024 1664 1263 1726 scilicet
1305 1664 1464 1726 liber
1509 1665 1875 1726 Alcoranus
1924 1671 2339 1744 nuncupatur
2385 1665 2706 1744 cuiusque

460 1769 729 1849 corrigia
781 1787 901 1850 pro
956 1770 1228 1850 ligatura
1274 1771 1416 1833 eius
1462 1778 1617 1851 apta
1670 1765 1940 1850 a‘rgento
1988 1771 2109 1834 fuit
2161 1780 2524 1852 perornata,
2583 1791 2705 1835 nec

461 1894 593 1939 non
640 1878 836 1940 etiam
874 1878 1053 1940 litere
1096 1878 1545 1941 donationales
1593 1885 1657 1940 et
1690 1879 2168 1942 confirmatorie
2209 1879 2502 1942 eiusdem
2550 1880 2707 1943 Jose

458 1983 673 2063 Turci,
703 1986 1020 2047 nonnulla
1036 2003 1302 2066 quoque
1320 1986 1582 2048 literalia
1604 1987 2037 2049 instrumenta
2064 1987 2335 2049 aliorum
2368 1987 2704 2066 nobilium,

462 2109 588 2171 que
607 2094 854 2155 ratione
873 2094 1387 2157 conservationis
1407 2093 1528 2156 sibi
1550 2093 1886 2175 assignata
1908 2101 1971 2156 et
1991 2094 2054 2156 in
2076 2095 2342 2157 castello
2361 2103 2706 2174 prenotato

463 2199 743 2280 reposita
789 2201 1152 2263 extitissent
1194 2201 1455 2282 penitus
1503 2208 1567 2263 et
1611 2203 1673 2263 in
1723 2207 1864 2263 toto
1913 2219 2028 2281 per
2074 2202 2291 2282 ipsum
2336 2202 2597 2265 fratrem
2641 2210 2705 2264 et

464 2308 763 2370 homines
809 2315 960 2370 tuos
1008 2314 1263 2388 recepte
1312 2315 1375 2370 et
1421 2310 1640 2372 oblata
1685 2326 1766 2370 ac
1811 2315 2143 2389 asportate
2189 2309 2485 2386 fuissent,
2525 2311 2705 2389 quod

460 2415 679 2495 utique
703 2416 768 2477 in
787 2421 1080 2478 nostram
1111 2415 1578 2496 displicentiam
1610 2415 1777 2479 cedit
1808 2416 1968 2478 satis
1995 2417 2328 2496 grandem.
2364 2415 2698 2496 Quoniam

459 2524 548 2585 uti
571 2505 693 2586 'tue
724 2530 1026 2585 constare
1059 2541 1192 2588 non
1225 2524 1617 2604 ambigimus
1654 2523 1959 2602 fidelitati,
1993 2531 2215 2587 nostra
2246 2524 2439 2586 etiam
2473 2525 2706 2588 exinde

461 2633 833 2696 recordatur
877 2631 1213 2709 serenitas,
1252 2649 1386 2694 non
1428 2632 1491 2694 in
1531 2649 1611 2694 eo
1649 2638 1722 2694 ut
1765 2632 1846 2694 de
1894 2632 2429 2712 possessionibus
2475 2634 2702 2696 rebus-

460 2757 586 2821 que
623 2747 688 2803 et
724 2740 915 2803 bonis
946 2740 1235 2819 ipsorum
1263 2739 1418 2801 Jose
1450 2738 1646 2802 Turci
1678 2747 1741 2801 et
1775 2739 2057 2802 condam
2102 2739 2350 2804 Nicolai
2390 2739 2698 2805 Saraceni

459 2865 579 2910 seu
614 2847 876 2910 alterius
908 2845 1268 2910 eorundem
1299 2854 1362 2909 te
1393 2846 1811 2910 intromittere
1849 2848 1966 2909 sed
2005 2865 2204 2926 super
2240 2865 2322 2910 eo
2360 2848 2706 2912 dumtaxat

459 2962 530 3017 ut
561 2956 742 3035 ipsos
775 2955 932 3018 solis
963 2972 1193 3018 eorum
1220 2954 1283 3016 in
1314 2955 1613 3034 personis
1644 2971 1860 3033 usque
1893 2962 2193 3018 nostrum
2226 2956 2704 3037 beneplacitum

458 3063 739 3125 detinere
786 3071 850 3125 et
893 3063 959 3124 in
1007 3061 1374 3142 captivitate
1431 3079 1821 3124 conservare
1878 3062 2169 3138 debereS,
2219 3079 2334 3143 per
2381 3070 2703 3142 pretactas

458 3170 669 3232 literas
725 3176 985 3233 nostras
1049 3169 1158 3232 tibi
1215 3169 1448 3232 exinde
1505 3169 1930 3232 transmissas
1996 3169 2480 3247 mandaremuS,
2539 3188 2704 3250 qua-

459 3285 717 3357 propter
755 3284 936 3339 tuam
968 3294 1052 3339 ex
1082 3282 1258 3339 certa
1290 3282 1512 3338 nostra
1553 3277 1823 3338 scientia
1860 3277 2244 3356 requirimus
2274 3284 2335 3339 et
2368 3278 2705 3339 hortamur

461 3384 828 3448 fidelitatem
875 3383 1086 3447 eidem
1144 3385 1390 3447 seriose
1447 3391 1672 3446 nostro
1721 3384 2117 3446 mandamus
2181 3386 2307 3446 sub
2372 3393 2700 3465 precept0,

460 3499 782 3572 quatenus
839 3509 998 3554 mox
1070 3498 1134 3554 et
1197 3493 1262 3554 in
1322 3491 1672 3554 continenti
1731 3492 1949 3571 agnita
2015 3490 2415 3572 presentium
2480 3492 2703 3555 notitia

460 3599 677 3661 favore
725 3599 1014 3679 quolibet
1059 3607 1456 3679 postergato,
1496 3598 1854 3678 premissas
1891 3616 2125 3662 omnes
2168 3605 2231 3661 et
2270 3599 2560 3678 singulas
2597 3616 2703 3661 res

460 3712 522 3768 et
537 3707 712 3769 bona
731 3724 994 3786 queque
1014 3724 1137 3769 nec
1157 3724 1291 3768 non
1313 3707 1529 3768 literas
1550 3712 1615 3769 et
1632 3706 1899 3768 literalia
1916 3705 2345 3769 instrumenta
2365 3714 2702 3788 prenotata

459 3814 794 3878 memorati
840 3813 994 3876 Jose
1040 3813 1256 3889 Turci,
1306 3814 1423 3876 sed
1471 3821 1536 3875 et
1582 3819 1945 3895 pretactum
1991 3814 2243 3876 literum
2292 3814 2701 3876 turconicum

459 3926 672 3984 nostre
712 3922 1071 3984 maiestatis
1112 3939 1244 4001 quo
1285 3922 1667 3985 nullomodo
1716 3938 1936 3983 carere
1976 3938 2358 4000 possumus,
2402 3939 2515 4001 per
2560 3938 2699 3999 pre-

459 4027 661 4091 fatum
679 4028 1043 4091 Perkonem
1069 4028 1328 4092 fratrem
1361 4029 1654 4109 aliosque
1679 4028 1983 4093 homines
2013 4036 2187 4107 tuos,
2209 4029 2318 4108 qui
2347 4029 2700 4108 premissas

458 4136 920 4217 occupationes
966 4153 1310 4215 rerumque
1358 4142 1421 4197 et
1468 4135 1796 4198 bonorum
1844 4136 2278 4216 predictorum
2339 4135 2700 4199 ablationes

459 4242 744 4306 fecerunt
790 4252 854 4306 et
898 4250 1344 4323 perpetrarunt
1403 4243 1542 4305 sine
1589 4243 1768 4305 omni
1825 4242 2113 4322 dampno
2160 4249 2223 4305 et
2271 4242 2530 4304 defectu
2584 4244 2699 4305 ali-

459 4352 625 4429 quali
664 4350 1002 4413 reinveniri
1035 4369 1113 4412 ac
1145 4351 1395 4430 prefato
1426 4350 1581 4413 Jose
1613 4349 1834 4412 Turco
1866 4367 2087 4412 coram
2129 4349 2498 4415 testimonio
2530 4351 2700 4431 capi-

457 4458 568 4520 tuli
613 4457 887 4521 ecclesie
935 4456 1384 4536 ChasmensiS,
1434 4458 1613 4537 quod
1658 4474 1774 4537 per
1819 4458 2035 4539 ipsum
2092 4458 2446 4539 capitulum
2504 4460 2589 4520 ad
2636 4457 2701 4520 id

457 4562 685 4628 harum
717 4565 883 4628 serie
915 4565 1274 4628 transmitti
1290 4566 1617 4643 iubemuS,
1650 4564 1829 4627 reddi
1850 4572 1915 4628 et
1935 4566 2179 4629 restitui
2212 4565 2425 4630 facere
2456 4567 2698 4648 ipsum-
