3475 5200
1346 380 1593 432 —323
1668 408 1737 419 -

414 597 559 659 sine
605 598 776 659 scitu
807 604 1031 660 nostro
1064 598 1348 661 fuerunt.
1390 597 1523 661 Sed
1550 600 1769 662 banus
1816 601 2041 663 socius
2072 608 2287 663 vestre
2320 604 2661 682 magnifiee

413 704 878 768 dominationis
918 706 983 767 id
1012 721 1147 767 non
1181 713 1396 786 potest
1437 707 1670 781 dicere,
1714 708 1894 787 quod
1943 726 2097 770 cum
2144 708 2310 771 scitu
2360 727 2485 770 suo
2533 725 2661 770 nm]

415 811 715 889 fuissent,
782 830 878 876 ex*
921 831 1054 892 quo
1109 831 1382 893 presens
1426 814 1564 877 fuit.
1634 814 1775 878 Nos
1822 830 2000 893 vero,
2067 817 2236 878 bene
2263 818 2402 878 -scit
2450 825 2665 878 vestra

419 920 769 999 magnifica
815 921 1170 984 dominatio
1209 922 1319 983 ubi
1367 921 1632 1000 fuimuS‚
1682 930 1748 985 et
1777 923 2058 986 eandem
2088 924 2306 986 valere
2338 929 2661 1004 optamus,

420 1027 524 1091 Ex
571 1034 787 1091 castro
834 1036 1058 1092 nostro
1091 1028 1495 1110 Kewlpewn‚
1540 1030 1698 1092 feria
1744 1032 1929 1093 tertia
1957 1031 2256 1111 proxima
2299 1030 2462 1093 inter
2493 1041 2665 1091 octa·r
2769 1105 2785 1113 ‚-
2810 1105 2841 1108 ⁷,

416 1153 543 1199 vas
588 1136 1005 1198 sacratissimi
1054 1138 1341 1216 corporis
1388 1137 1625 1200 Christi
1672 1144 1790 1200 etc.
1851 1138 2032 1202 1505.
2745 1105 2849 1145 Μ

2693 1181 2797 1229 [ΠΜ.
2829 1177 2901 1217 ΕΤ,

1926 1300 2263 1363 Johannes
2309 1299 2556 1363 Berizlo

1827 1408 2004 1487 regni
2051 1405 2282 1470 Rascie
2328 1408 2665 1489 despotus

638 1601 706 1666 Si
727 1609 950 1665 autem
984 1604 1334 1684 aliquando
1369 1611 1585 1665 vestre
1617 1604 1964 1683 magnifice
1993 1604 2453 1666 dominationis
2485 1604 2669 1666 fami-

420 1711 613 1772 liares
660 1727 822 1771 suos
878 1710 1146 1772 libenter
1211 1711 1532 1789 videmu5‚
1588 1718 1905 1791 tanquam
1954 1711 2254 1775 homines
2316 1712 2556 1775 domini
2609 1721 2669 1773 et

421 1816 615 1880 amici
669 1818 870 1880 nostri
919 1817 1305 1880 honorandi.
1356 1817 1486 1881 Sed
1534 1826 1605 1880 ut
1662 1819 2157 1899 prescripsimus
2204 1837 2357 1882 cum
2407 1820 2669 1882 homine

423 1925 599 2005 regie
648 1927 1002 1988 maiestatis
1049 1943 1174 1988 nos
1220 1927 1402 1988 haud
1446 1928 1916 2007 gubernamus,

643 2084 886 2149 Kiviil:
928 2047 1282 2168 Magnifice
1312 2088 1582 2150 domino
1613 2087 1896 2168 Georgio
1926 2087 2242 2168 Kaanay
2272 2089 2447 2151 bano
2481 2089 2669 2150 castri

424 2194 983 2257 Nandoralbensis
1030 2194 1296 2257 domino
1343 2196 1556 2259 amico
1602 2202 1667 2258 et
1714 2195 1888 2258 fratri
1936 2194 2127 2259 nobis
2172 2195 2581 2259 honorando*

640 2351 864 2416 Eredeti‚
887 2354 1054 2417 papir,
1083 2350 1314 2402 zirlatan
1343 2350 1528 2418 pecset
1563 2349 1916 2404 toredekevel.
1955 2351 2026 2403 M.
2068 2351 2130 2402 Ο.
2172 2352 2232 2404 D.
2272 2349 2332 2403 L.
2373 2354 2565 2403 25444.
2597 2369 2673 2405 sa,

1355 2642 1762 2705 CDXXXVI.

1005 2839 1413 2922 Esztergom,
1462 2837 1659 2903 1506.
1709 2837 1957 2903 Μάγοι.
2005 2837 2115 2905 26.

432 3019 642 3070 Bakocz
680 3018 724 3067 T
727 3016 874 3068 amas
912 3018 1173 3068 bibornok
1212 3018 1528 3081 esztergomi
1576 3015 1727 3067 ersek
1776 3017 2024 3070 Kanizsai
2063 3017 2282 3083 Gyorgy
2322 3015 2673 3082 nendorfejdr-

432 3106 547 3161 viri
583 3106 811 3158 binhoz.
862 3105 975 3157 Μάι-
1021 3104 1205 3172 regdta
1252 3103 1803 3169 Nimdorfejerverban
1852 3105 2106 3172 gondolta
2145 3102 2218 3168 ὅτ,
2267 3102 2393 3170 keri,
2428 3106 2573 3170 hogy
2609 3122 2673 3154 ne

432 3196 769 3262 keslekedje'k
834 3196 1035 3248 tovabb
1090 3211 1154 3246 az
1209 3197 1621 3248 odamenetellel.
1692 3193 2119 3260 Megiitkdzessel
2173 3196 2409 3257 hellone,
2463 3197 2609 3260 hog]
2649 3214 2677 3242 ει

430 3287 980 3354 Nindorfejervtirban
1018 3286 1340 3339 &nomasozd
1379 3284 1673 3351 katonasag
1707 3300 1813 3352 egy
1847 3284 1997 3338 resze
2023 3300 2144 3338 nem
2166 3288 2308 3338 -akar
2343 3284 2456 3339 mar
2478 3282 2677 3338 tovabb

428 3376 706 3444 szolgt'zlni,
754 3379 1031 3444 minthogy
1078 3377 1290 3427 zsoldot
1335 3392 1455 3426 nem
1494 3378 1678 3441 kapott
1723 3391 1751 3426 s
1787 3377 1936 3442 hogy
1973 3375 2006 3427 ὅ
2042 3372 2332 3444 (Kanizsai)
2371 3391 2482 3426 sem
2520 3376 2677 3442 Rapta

435 3483 557 3533 meg
591 3466 841 3524 fizeteset.
882 3465 1003 3518 Ke'ri
1041 3465 1112 3529 δὲ,
1151 3469 1298 3532 hogy
1334 3481 1397 3519 ez
1435 3465 1571 3518 itant
1607 3482 1639 3517 a
1671 3465 1804 3531 ιῑὸνὸ
1842 3464 2280 3532 orszaggyfile'sig
2315 3469 2505 3531 legyen
2541 3466 2677 3518 flire-

1444 3557 1665 3608 lemmel.

650 3704 997 3783 Magnifice
1063 3704 1327 3771 domine
1384 3712 1447 3765 et
1493 3703 1701 3765 amice
1768 3702 2169 3766 honorande.
2239 3703 2677 3768 Intelleximus

431 3812 673 3891 scripta
721 3811 1199 3890 magnificentie
1246 3817 1459 3873 vestre
1507 3817 1570 3871 et
1618 3809 2011 3872 credidimus
2058 3810 2189 3872 iam
2237 3810 2489 3872 dudum
2529 3826 2681 3871 ean-

432 3918 588 3980 dem
654 3918 719 3980 in
785 3919 1209 3980 Albanandor
1272 3924 1700 3980 constitutum
1760 3916 1983 3979 fuisse.
2053 3916 2222 3978 Nam
2290 3915 2448 3977 dum
2497 3914 2677 3978 Bude

439 4042 739 4087 essemus
804 4033 981 4088 certa
1023 4012 1289 4087 'mentio
1345 4043 1428 4086 ex
1483 4031 1664 4105 parte
1733 4024 2030 4086 eiusdem
2098 4023 2273 4086 facta
2321 4023 2550 4099 fuerat,
2617 4034 2681 4082 et

438 4139 595 4194 tunc
665 4150 790 4195 nos
854 4132 1427 4212 responderamuS,
1494 4132 1672 4211 quod
1743 4131 2224 4210 magnificentia
2290 4137 2510 4191 vestra
2577 4133 2681 4190 illo

432 4241 503 4302 in
551 4239 1035 4304 Nandoralbam
1082 4240 1464 4303 divertisset.
1515 4237 1647 4302 Sed
1696 4240 1850 4319 quia
1897 4221 2168 4300 causam
2217 4237 2436 4300 scribit
2492 4238 2673 4299 ratio-

440 4348 717 4410 nabilem
765 4366 882 4410 cur
911 4347 1257 4427 hucusque
1287 4348 1506 4409 venire
1547 4364 1680 4408 non
1720 4347 2019 4427 potuerit,
2067 4345 2407 4408 excusatio
2453 4346 2681 4425 pote-rit

423 4455 576 4547 'fieri
638 4456 937 4519 honesta.
1005 4457 1139 4517 Iam
1205 4456 1378 4532 enim
1443 4461 1661 4518 vestra
1724 4453 2207 4533 magnificentia
2271 4454 2525 4515 tardare
2581 4458 2678 4514 vel

428 4563 878 4642 quovismodo
926 4564 1247 4644 negligere
1285 4563 1462 4640 nolit,
1512 4562 1630 4625 sed
1661 4563 1722 4623 in
1759 4579 2024 4624 omnem
2056 4567 2365 4625 eventum
2414 4560 2681 4623 descen-

2387 4680 2484 4732 21·
