3475 5200
702 2601 810 2641 1502

1820 365 2208 419 „302-

873 602 1274 649 conservare
1307 586 1573 662 hemia,
1597 585 1681 647 ad
1714 604 1870 648 eum
1897 586 2139 664 locum,
2181 593 2244 648 et
2273 587 2399 648 sub
2432 586 2599 650 illius
2633 587 3132 668 capitaneatum‚

880 693 1011 755 sub
1073 710 1207 772 quo
1273 694 1590 772 superiori
1652 694 1781 763 hoc
1846 710 2022 755 anno
2069 710 2183 773 per
2229 710 2353 756 nos
2401 694 2709 775 deputate
2756 702 2931 772 sunt,
3000 696 3136 759 sine

877 817 1069 863 mora
1123 807 1186 863 et
1241 800 1503 880 quidem
1534 802 1598 863 in
1630 803 2129 881 plenommero
2162 802 2410 865 mittere
2443 800 2711 881 debeas,
2745 820 2828 865 ne
2862 820 3130 883 regnum

873 906 1034 969 illud
1079 909 1423 971 vobiscum
1471 927 1606 971 una
1635 910 2000 989 periculum
2030 910 2300 992 aliquod
2346 910 2650 987 incurrat,
2698 918 2762 974 et
2812 917 2885 973 ut
2930 914 3137 992 possit

871 1016 1120 1078 auxilio
1130 1017 1324 1078 vestri
1344 1018 1429 1078 ab
1448 1016 2361 1088 eiuscemodiTurcorumseu
2370 1015 2838 1080 Thartarorum
2851 1018 3128 1081 invasio·

874 1124 1075 1186 nibus
1095 1124 1471 1204 preservari,
1495 1131 1694 1202 utque
1714 1123 2041 1186 Moldavie
2074 1125 2128 1187 si
2160 1142 2336 1203 opus
2350 1125 2492 1204 etit.
2510 1132 2944 1189 succurretur.
2968 1125 3133 1189 Certi

879 1249 1037 1293 vero
1058 1250 1314 1311 sumuS‚
1336 1233 1536 1295 modo
1557 1239 1627 1293 tu
1658 1239 1722 1294 et
1754 1233 1853 1293 alii
1875 1231 2118 1295 domini
2151 1249 2312 1295 suas
2343 1234 2667 1312 gentoe'm
2682 1239 2975 1314 tempore
2997 1234 3134 1296 mit·

817 1321 826 1334 ²
873 1346 1039 1417 tant,
1061 1341 1256 1402 etiam
1271 1340 1620 1403 comitatus
1639 1357 1720 1403 eo
1744 1339 1944 1402 cicius
1965 1358 2126 1402 suos
2146 1341 2416 1418 mittent,
2440 1358 2523 1402 ne
2547 1341 2836 1420 igimriffi
2853 1342 3132 1421 aliquam

873 1449 1296 1509 occasionem
1323 1454 1387 1510 et
1418 1450 1912 1510 excusationem
1938 1448 2245 1525 habeant,
2280 1454 2344 1509 et
2362 1465 2566 1527 regno
2599 1449 2680 1510 illi
2712 1450 3133 1531 partibusque

873 1556 1020 1618 suis
1043 1555 1281 1633 aliquid
1302 1556 1558 1618 adversi
1581 1557 1936 1635 contingat,
1961 1555 2244 1617 fidelitati
2263 1563 2375 1618 tue
2395 1556 2628 1619 iterum
2648 1558 3141 1635 committimus,

877 1672 951 1725 ut
992 1663 1368 1727 huiusmodi
1396 1670 1627 1743 gentes
1660 1670 1809 1726 tuas
1857 1663 1920 1724 in
1954 1681 2221 1725 ornnem
2241 1670 2553 1726 eventum
2588 1665 2837 1726 mittere
2871 1663 3132 1727 debeas.

878 1771 1066 1833 Brevi
1086 1779 1308 1835 autem
1341 1772 1690 1833 auxiliante
1722 1771 1848 1833 deo
1884 1771 2078 1833 etiam
2109 1789 2232 1834 nos
2257 1770 2377 1851 ipsi
2398 1778 2813 1848 revertemur,
2848 1781 2911 1833 et
2933 1790 3130 1851 quan·

875 1886 1022 1940 tum
1050 1879 1258 1959 magis
1280 1879 1413 1942 fieri
1439 1879 1690 1960 poterit,
1716 1878 2062 1941 vobiscum
2085 1887 2146 1941 et
2167 1880 2395 1942 ceteris
2420 1878 2720 1941 fidelibus
2741 1878 2983 1940 nostris
3006 1897 3133 1940 una

870 1991 1074 2065 atque
1120 1987 1313 2048 etiam
1345 1985 1651 2048 subsidiis
1682 1993 2315 2066 ceterorumquoque
2359 1986 2720 2065 principum
2760 1985 3133 2048 christiano·

876 2112 1026 2155 rum
1057 2112 1184 2173 que
1217 2093 1644 2174 proculdubio
1670 2093 1862 2156 nobis
1887 2110 2020 2155 non
2048 2094 2340 2172 deerunt,
2384 2100 2609 2155 contra
2633 2093 2815 2172 ipsos
2841 2093 3130 2154 infideles

870 2202 1171 2264 alacriter
1201 2218 1497 2281 agemuS,
1531 2200 1707 2262 aliud
1740 2200 1931 2280 igitur
1964 2201 2140 2263 nulla
2171 2201 2421 2263 ratione
2455 2199 2668 2261 facere
2716 2201 3123 2281 presumatiS,

878 2327 1034 2371 nam
1082 2308 1242 2376 alias
1290 2316 1507 2371 certus
1554 2308 1667 2384 sis,
1718 2307 1897 2387 quod
1946 2325 2200 2379 omnes
2250 2309 2360 2387 qui
2392 2308 2789 2370 eiuscemodi
2830 2309 3130 2369 mandata

879 2424 1103 2479 nostra
1132 2415 1366 2495 exequi
1400 2415 1816 2495 neglexerint,
1866 2416 2047 2476 iuxta
2078 2414 2357 2476 formam
2396 2415 2601 2493 ipsius
2646 2414 2886 2477 decreti
2919 2416 3128 2477 inexo-

880 2524 1159 2586 rabiliter
1202 2524 1568 2605 puniemus.
1638 2523 1881 2585 Datum
1950 2523 2153 2604 Prage
2218 2523 2281 2583 in
2349 2521 2673 2584 dominica
2730 2521 3127 2604 Carnisprivii

662 2671 843 2715 mm·
882 2650 1060 2694 anno
1107 2632 1350 2695 domini
1399 2632 1739 2693 millesimo
1788 2631 2311 2710 quingentesimo
2358 2630 2674 2693 secund0.

1099 2772 1304 2836 Kiviil
1323 2794 1345 2836 .·
1390 2773 1740 2854 Magnifice
1789 2773 2072 2854 Georgio
2105 2774 2187 2835 de
2220 2773 2492 2855 Kanysa
2524 2774 2674 2835 bani
2707 2774 2901 2836 castri
2939 2775 3122 2837 nostri

884 2881 1458 2958 NandoralbensiS,
1508 2881 1680 2943 fideli
1728 2882 1916 2943 nobis
1965 2881 2218 2943 dilecto.

1101 3004 1322 3066 Eredeti,
1359 3004 1525 3069 papir,
1566 3001 1796 3054 zarlatan
1834 3000 2184 3069 papirffilzetfi
2223 2999 2492 3068 pecskttel.
2533 3002 2605 3054 M.
2645 3002 2706 3054 N.
2746 3003 2818 3055 M.
2858 3005 2913 3055 lt.

1853 3218 2192 3283 CDXVIIl.

1532 3379 1787 3462 Prdga,
1834 3378 2032 3442 1502.
2091 3377 2336 3443 Μάνεω.
2385 3379 2493 3444 17.

881 3523 947 3572 11.
987 3521 1200 3575 Ulaszlo
1238 3522 1403 3588 kiraly
1440 3523 1689 3573 Kanizsai
1727 3522 1948 3587 Gytirgy
1988 3519 2432 3586 nandorsejervari
2471 3519 2705 3572 benhoz:
2747 3520 3116 3572 Neheztelessel

881 3603 1083 3655 ertesiil
1120 3604 1269 3667 οτι-61,
1308 3607 1453 3669 hogy
1490 3620 1521 3655 a
1546 3602 1649 3654 ban
1685 3604 1864 3653 hadait
1888 3617 2113 3667 parancs
2150 3600 2369 3653 ellenere
2406 3617 2526 3652 nem
2552 3602 2728 3652 kiildte
2754 3618 2787 3651 a
2812 3604 2966 3653 tbi-bk
2999 3602 3116 3651 elien

879 3700 921 3736 a
948 3683 1275 3749 vegvidekre,
1303 3687 1477 3735 minek
1507 3682 1845 3749 eredmenye:
1877 3698 1940 3733 az
1968 3680 2242 3733 alvideken
2268 3680 2462 3733 tortent
2488 3680 2790 3746 verese'gek,
2823 3683 3117 3747 meghagyja

977 3765 1122 3817 tehat
1156 3767 1293 3828 neki,
1331 3767 1476 3830 hogy
1513 3781 1544 3815 a
1583 3764 1749 3815 nador
1784 3760 1946 3828 ujabb
1985 3761 2480 3814 rendelkezeseinek
2518 3761 3052 3828 engedelmeskedjek.

1912 3891 2306 3954 Commissio
2354 3890 2610 3971 propria
2653 3891 2899 3954 domini
2945 3891 3114 3971 regis

1209 4021 1608 4083 VVladislaus
1655 4020 1758 4082 dei
1791 4020 1994 4099 gratia
2041 4037 2153 4080 rex

1213 4129 1545 4208 Hungarie
1593 4136 1655 4191 et
1688 4126 2000 4190 Bohemie
2049 4133 2168 4188 etc,

1105 4256 1451 4335 Magnifice
1498 4254 1707 4316 fidelis
1757 4252 1946 4315 nobis
1995 4252 2242 4314 dilecte.
2289 4250 2842 4313 Mandaveramus
2888 4250 2994 4311 tibi
3025 4248 3112 4310 his

882 4364 1202 4444 proximis
1269 4363 1498 4426 diebus
1555 4369 1627 4424 ut
1683 4368 1944 4442 propter
2009 4360 2226 4422 varios
2293 4374 2587 4420 rumores
2653 4364 2715 4419 et
2781 4363 3113 4438 apparatus

882 4471 1259 4534 Turcorum
1307 4479 1533 4534 contra
1575 4487 1699 4533 nos
1747 4475 1810 4532 et
1857 4469 2010 4530 illud
2059 4484 2330 4546 regnum
2362 4472 2660 4538 nostrum
2707 4472 2935 4544 gentes
2978 4470 3109 4524 tuas

886 4581 1109 4641 levare
1159 4587 1221 4640 et
1268 4579 1570 4657 expedire
1617 4585 1813 4656 atque
1860 4577 1945 4637 ad
1978 4593 2129 4637 eum
2176 4576 2395 4636 locum
2431 4580 2495 4635 et
2526 4574 2651 4635 sub
2700 4573 2933 4635 eodem
2963 4566 3112 4648 capi·
