3475 5200
1707 390 2100 443 —182—

1709 610 2098 676 CCXLVIII.

1467 773 1557 837 H.
1605 794 1689 854 n.,
1737 770 1935 835 1454.
1985 767 2231 833 Μάνεω.
2279 767 2343 831 8.

778 921 820 969 Α
876 920 1054 969 loleszi
1108 920 1343 968 konvent
1403 914 1531 967 elott
1593 913 1799 965 Palo'czi
1855 911 2041 965 Simon
2104 909 2285 975 kiralyi
2340 908 2780 960 sdlovaiszmester
2832 909 2889 978 05
2947 910 3031 960 fiai

777 990 1101 1055 kiegyeznek
1130 989 1382 1052 Csaholyi
1406 985 1638 1039 Janosne
1664 984 1724 1037 es
1751 985 1920 1036 fiaival
1948 999 2084 1036 azon
2112 980 2600 1034 hatalmaskodasra
2624 979 2808 1043 newa,
2842 983 3033 1046 melyet

779 1077 842 1113 az
888 1060 1139 1113 utobbiak
1195 1060 1514 1111 Brankovics
1572 1058 1792 1123 Gyiirgy
1849 1055 1970 1107 raez
2025 1058 2285 1120 deszpota
2340 1051 2805 1118 meghagyasabdl,
2860 1055 3032 1104 annal:

1099 1134 1247 1184 tobbi
1285 1128 1673 1182 familiarisaval
1709 1145 1740 1179 a
1778 1128 2053 1179 Palocziak
2091 1126 2349 1177 birtokain
2389 1126 2701 1176 elkovettek.

992 1261 1133 1326 Nos
1191 1260 1445 1323 Blasius
1510 1260 1880 1341 prepositus
1928 1264 1991 1320 et
2039 1262 2407 1320 conventus
2471 1255 2743 1318 ecclesie
2808 1259 3031 1317 sancte

779 1371 988 1432 crucis
1037 1370 1117 1432 de
1167 1370 1376 1446 Lelez‚
1442 1368 1752 1430 memorie
1801 1365 2367 1440 commendamuS,
2435 1362 2614 1442 quod
2680 1361 3029 1442 magnifico

779 1477 1070 1557 Symone
1136 1477 1217 1539 de
1273 1476 1507 1538 Palocz
1571 1474 1858 1555 magistri
1914 1491 2285 1552 agazonum
2344 1472 2655 1552 regalium
2710 1487 2910 1532 onera
2966 1479 3031 1533 et

777 1585 1157 1666 gravamina
1213 1584 1561 1665 Mathyws‚
1628 1582 1885 1663 Georgii
1934 1588 1997 1645 et
2044 1579 2357 1660 Stephani
2413 1580 2689 1643 filiorum
2758 1597 3025 1645 suorum

779 1694 844 1755 in
912 1693 1346 1757 subnotandis
1409 1697 1823 1760 observanda
1892 1715 2090 1779 super
2158 1715 2231 1761 se
2267 1673 2271 1677 ⁴
2301 1697 2647 1776 recipiente
2718 1694 2802 1756 ab
2872 1709 3022 1768 una,

778 1807 957 1879 parte
998 1818 1155 1863 vero
1202 1803 1285 1864 ab
1331 1805 1530 1866 altera
1571 1807 1830 1885 egregio
1870 1806 2171 1869 Johanne
2205 1806 2287 1868 de
2321 1803 2576 1867 Chahol
2608 1803 2808 1864 modo
2848 1800 3027 1863 simili

778 1924 980 1970 onera
1026 1916 1089 1970 et
1153 1911 1434 1989 quelibet
1496 1915 1877 1992 gravamina
1945 1914 2286 1990 Johannis‚
2356 1910 2626 1988 Nicolai‚
2697 1907 3028 1989 Stephani,

778 2013 1130 2093 Michaelis,
1182 2017 1456 2080 Ladislai
1506 2028 1569 2082 et
1625 2005 2062 2085 Bartholomei
2110 2020 2390 2083 filiorum
2424 2036 2717 2093 suorum,
2752 2018 2806 2079 si
2839 2017 3025 2079 iidem

777 2122 1260 2187 confessionem
1329 2128 1747 2191 subnotande
1813 2129 2251 2192 contradicere
2303 2134 2416 2190 aut
2491 2126 2772 2190 eandem
2832 2141 3030 2214 super

776 2246 849 2290 se
896 2235 1500 2312 assumpmentibus
1547 2253 1769 2299 coram
1816 2238 2007 2300 nobis
2054 2235 2477 2317 personaliter
2517 2234 2888 2297 constitutis
2919 2248 3029 2311 per

778 2339 1045 2400 eosdem
1104 2341 1524 2420 magnificum
1580 2341 1943 2424 Symonem
1992 2345 2075 2407 de
2121 2344 2358 2406 Palocz
2404 2349 2468 2405 et
2513 2342 2885 2405 Johannem
2948 2337 3027 2400 de

777 2443 1030 2508 Chahol
1077 2448 1457 2512 confessum
1505 2451 1708 2513 extitit
1753 2452 1954 2515 nostri
2002 2452 2066 2514 in
2113 2450 2439 2530 presentia
2486 2448 2721 2529 pariter
2772 2454 2836 2510 et
2873 2448 3023 2509 rela-

776 2560 937 2633 tum,
965 2554 1142 2634 quod
1176 2574 1577 2636 quamquam
1609 2558 1748 2638 ipse
1780 2558 2087 2623 dominus
2119 2559 2374 2640 Symon
2406 2558 2488 2621 de
2526 2556 2760 2620 Palocz
2793 2555 3026 2619 Johan-

777 2678 931 2722 nem
997 2662 1078 2724 de
1138 2663 1391 2727 Chahol
1439 2665 1520 2727 de
1568 2684 1774 2729 causa
1841 2675 1904 2730 et
1971 2668 2240 2745 ratione,
2307 2667 2486 2747 quod
2552 2664 2724 2728 idem
2787 2664 3025 2727 Johan-

777 2785 896 2829 nes
944 2769 1024 2831 de
1074 2769 1328 2833 chabol
1359 2772 1496 2835 anis
1529 2774 1668 2836 suis
1701 2774 2121 2837 famniaribus
2154 2774 2412 2837 inustris
2445 2773 2748 2855 principis
2787 2769 3022 2834 domini
3104 2750 3113 2753 “

775 2876 1027 2955 despoti
1093 2876 1342 2949 Rascie,
1419 2880 1539 2943 hiis
1605 2881 1915 2962 proximis
1992 2882 2451 2945 disturbiorum
2528 2878 2929 2960 temporibus
2989 2893 3023 2938 0

774 2984 1254 3075 commissione,
1283 2988 1577 3051 eiusdem
1624 2989 1869 3052 domini
1917 2990 2171 3070 despoti
2203 2990 2287 3052 ad
2330 2989 2790 3070 possessiones
2854 2987 3023 3049 eius-

773 3091 924 3153 dem
988 3092 1228 3155 domini
1277 3092 1588 3175 Symonis
1655 3097 1735 3159 de
1802 3097 2035 3160 Palocz
2101 3096 2299 3176 Ordo,
2350 3097 2623 3174 Derzen,
2690 3096 2922 3174 Ignecz
2965 3102 3025 3154 et

772 3197 1163 3280 Chamonya
1246 3202 1309 3262 in
1384 3203 1464 3264 de
1530 3203 1804 3284 Beregh‚
1886 3221 2144 3267 necnon
2236 3204 2591 3284 Zerednye‚
2692 3202 3020 3276 Dobroka,

772 3304 1059 3385 Orlewa,
1136 3307 1427 3388 Hofflyo,
1510 3310 1872 3391 Monyoros
1946 3320 2010 3374 et
2095 3310 2510 3391 Lengelfalva
2580 3316 2887 3387 vocatas,
2963 3308 3023 3369 in

771 3412 995 3493 anh
1044 3416 1458 3479 comitatibus
1506 3418 1860 3481 existentes
1909 3419 2229 3497 irruendo,
2280 3417 2645 3496 abindeque
2684 3417 3025 3479 universas

769 3520 1055 3599 pecudes
1142 3531 1206 3584 et
1269 3541 1509 3603 pecora
1585 3543 1663 3587 30
1728 3526 1853 3588 3113
1924 3527 2152 3606 quevis
2218 3526 2519 3588 animalia
2602 3524 3024 3605 iobagionum

769 3627 973 3706 ipsius
1038 3629 1277 3693 domini
1347 3628 1660 3712 Symonis
1716 3634 1796 3696 de
1845 3634 2079 3695 Palocz
2124 3634 2474 3695 simulcum
2520 3631 2659 3693 aliis
2724 3632 2921 3694 rebus
2967 3640 3028 3694 et

768 3735 958 3797 bonis
1015 3737 1374 3801 eorundem
1440 3740 1863 3820 iobagionum
1910 3742 1973 3802 in
2043 3741 2347 3804 domibus
2412 3741 2705 3819 ipsorum
2760 3739 3025 3819 repertis

767 3849 830 3904 et
878 3841 1155 3906 inventis
1212 3846 1424 3926 recipi,
1474 3848 1706 3910 auferri
1755 3853 1820 3909 et
1866 3847 2096 3928 depelli
2144 3855 2206 3910 et
2252 3846 2431 3926 quod
2479 3847 2763 3910 deterius
2828 3856 3022 3925 esset,

766 3959 916 4029 post
962 3952 1320 4032 predictam
1352 3954 1885 4034 depredationem
1917 3962 1982 4017 et
2012 3955 2407 4017 ablationem
2436 3956 2761 4017 bonorum
2796 3970 3029 4017 eorun-

767 4056 917 4119 dem
964 4059 1386 4139 iobagionum
1433 4061 1637 4141 ipsius
1685 4061 1928 4124 domini
1976 4060 2286 4142 Symonis
2321 4062 2711 4142 prescriptas
2759 4077 3024 4142 posses-

767 4165 987 4227 siones
1035 4184 1148 4246 per
1192 4169 1571 4248 voraginem
1634 4168 1805 4248 ignis
1853 4169 2164 4231 succendi
2214 4170 2472 4249 penitus
2519 4176 2583 4230 et
2628 4185 2745 4248 per
2808 4170 3028 4231 omnia

769 4274 1090 4335 comburri
1139 4282 1204 4338 et
1250 4276 1647 4338 concremari
1695 4275 1959 4338 fecisset
2005 4276 2067 4337 in
2115 4276 2289 4338 litem
2329 4284 2393 4338 et
2425 4293 2698 4338 causam
2731 4278 3024 4338 attraxis-

767 4388 886 4455 set,
936 4381 1208 4463 ipsaque
1254 4384 1360 4445 lite
1407 4391 1469 4445 et
1517 4401 1721 4445 causa
1754 4383 1918 4445 inter
1951 4400 2068 4446 eos
2115 4391 2295 4446 mota
2341 4392 2404 4446 et
2450 4382 2843 4461 ventillante,
2889 4390 3026 4445 tan-

586 4550 694 4595 1458
767 4486 917 4549 dem
985 4489 1047 4550 in
1115 4490 1420 4569 proximis
1486 4491 1736 4552 octavis
1803 4490 1947 4553 festi
2016 4491 2182 4553 beati
2253 4491 2586 4553 Michaelis
2656 4491 3024 4571 archangeli

557 4625 654 4667 οη,
684 4624 726 4668 5,
768 4596 1121 4659 novissime
1169 4597 1479 4676 preteritis
1527 4599 1697 4660 idem
1745 4598 2082 4660 Johannes
2130 4597 2210 4661 de
2249 4597 2505 4662 Chahol
2537 4600 2601 4661 in
2635 4599 2818 4661 curia
2855 4600 3026 4680 regia
