<?xml version="1.0" encoding="UTF-8"?>
<!DOCTYPE html PUBLIC "-//W3C//DTD XHTML 1.0 Transitional//EN"
    "http://www.w3.org/TR/xhtml1/DTD/xhtml1-transitional.dtd">
<html xmlns="http://www.w3.org/1999/xhtml" xml:lang="en" lang="en">
 <head>
  <title>
</title>
<meta http-equiv="Content-Type" content="text/html;charset=utf-8" />
  <meta name='ocr-system' content='tesseract 3.04.00' />
  <meta name='ocr-capabilities' content='ocr_page ocr_carea ocr_par ocr_line ocrx_word'/>
</head>
<body>
  <div class='ocr_page' id='page_1' title='image "./codexdiplomatic00horvgoog_0453.png"; bbox 0 0 3475 5200; ppageno 0'>
   <div class='ocr_carea' id='block_1_1' title="bbox 1368 369 1756 422">
    <p class='ocr_par' dir='ltr' id='par_1_1' title="bbox 1368 369 1756 422">
     <span class='ocr_line' id='line_1_1' title="bbox 1368 369 1756 422; baseline 0.005 -2"><span class='ocrx_word' id='word_1_1' title='bbox 1368 369 1756 422; x_wconf 84' lang='lat'><strong>—321—</strong></span> 
     </span>
    </p>
   </div>
   <div class='ocr_carea' id='block_1_2' title="bbox 1378 588 1760 652">
    <p class='ocr_par' dir='ltr' id='par_1_2' title="bbox 1378 588 1760 652">
     <span class='ocr_line' id='line_1_2' title="bbox 1378 588 1760 652; baseline 0.003 -1"><span class='ocrx_word' id='word_1_2' title='bbox 1378 588 1760 652; x_wconf 86' lang='lat' dir='ltr'>CDXXXV.</span> 
     </span>
    </p>
   </div>
   <div class='ocr_carea' id='block_1_3' title="bbox 1100 782 2042 867">
    <p class='ocr_par' dir='ltr' id='par_1_3' title="bbox 1100 782 2042 867">
     <span class='ocr_line' id='line_1_3' title="bbox 1100 782 2042 867; baseline -0.004 -19"><span class='ocrx_word' id='word_1_3' title='bbox 1100 782 1420 867; x_wconf 67' lang='lat' dir='ltr'><strong>Kdlpe&#39;ny,</strong></span> <span class='ocrx_word' id='word_1_4' title='bbox 1471 782 1670 848; x_wconf 88' lang='lat'><strong><em>1505.</em></strong></span> <span class='ocrx_word' id='word_1_5' title='bbox 1718 782 1885 866; x_wconf 75' lang='lat' dir='ltr'><strong>mdj.</strong></span> <span class='ocrx_word' id='word_1_6' title='bbox 1933 783 2042 847; x_wconf 79' lang='lat'><strong>27.</strong></span> 
     </span>
    </p>
   </div>
   <div class='ocr_carea' id='block_1_4' title="bbox 440 940 2697 1374">
    <p class='ocr_par' dir='ltr' id='par_1_4' title="bbox 440 940 2697 1374">
     <span class='ocr_line' id='line_1_4' title="bbox 444 940 2697 1011; baseline -0 -13"><span class='ocrx_word' id='word_1_7' title='bbox 444 945 677 999; x_wconf 79' lang='lat' dir='ltr'><strong>Beriszlo</strong></span> <span class='ocrx_word' id='word_1_8' title='bbox 707 945 869 997; x_wconf 66' lang='lat' dir='ltr'><strong>janos</strong></span> <span class='ocrx_word' id='word_1_9' title='bbox 905 945 1027 996; x_wconf 70' lang='lat' dir='ltr'><strong>racz</strong></span> <span class='ocrx_word' id='word_1_10' title='bbox 1054 948 1311 1010; x_wconf 84' lang='lat' dir='ltr'><strong>deszpota</strong></span> <span class='ocrx_word' id='word_1_11' title='bbox 1348 944 1596 995; x_wconf 81' lang='lat' dir='ltr'><strong>Kanizsai</strong></span> <span class='ocrx_word' id='word_1_12' title='bbox 1622 943 1845 1008; x_wconf 70' lang='lat' dir='ltr'><strong>Gyiirgy</strong></span> <span class='ocrx_word' id='word_1_13' title='bbox 1870 940 2317 1009; x_wconf 64' lang='lat' dir='ltr'><strong>nandorfeje&#39;rvt&#39;ui</strong></span> <span class='ocrx_word' id='word_1_14' title='bbox 2341 943 2697 1011; x_wconf 68' lang='lat' dir='ltr'><strong>kapitanynak</strong></span> 
     </span>
     <span class='ocr_line' id='line_1_5' title="bbox 441 1029 2697 1101; baseline -0.001 -13"><span class='ocrx_word' id='word_1_15' title='bbox 441 1053 474 1087; x_wconf 81' lang='lat' dir='ltr'><strong>a</strong></span> <span class='ocrx_word' id='word_1_16' title='bbox 513 1038 669 1088; x_wconf 83' lang='lat' dir='ltr'><strong>szerb</strong></span> <span class='ocrx_word' id='word_1_17' title='bbox 722 1032 1067 1101; x_wconf 72' lang='lat' dir='ltr'><strong>deszpotatus</strong></span> <span class='ocrx_word' id='word_1_18' title='bbox 1120 1034 1369 1100; x_wconf 81' lang='lat' dir='ltr'><strong>javainak</strong></span> <span class='ocrx_word' id='word_1_19' title='bbox 1422 1030 1798 1099; x_wconf 66' lang='lat' dir='ltr'><strong>pusztitasiirol</strong></span> <span class='ocrx_word' id='word_1_20' title='bbox 1833 1029 1894 1085; x_wconf 84' lang='lat' dir='ltr'><strong>ir.</strong></span> <span class='ocrx_word' id='word_1_21' title='bbox 1952 1037 1997 1084; x_wconf 81' lang='lat' dir='ltr'>A</span> <span class='ocrx_word' id='word_1_22' title='bbox 2042 1034 2399 1099; x_wconf 77' lang='lat' dir='ltr'><strong>harminczad,</strong></span> <span class='ocrx_word' id='word_1_23' title='bbox 2436 1037 2630 1101; x_wconf 83' lang='lat' dir='ltr'><strong>melyet</strong></span> <span class='ocrx_word' id='word_1_24' title='bbox 2669 1057 2697 1085; x_wconf 74' lang='lat' dir='ltr'><strong>a</strong></span> 
     </span>
     <span class='ocr_line' id='line_1_6' title="bbox 443 1121 2689 1190; baseline 0 -13"><span class='ocrx_word' id='word_1_25' title='bbox 443 1124 614 1190; x_wconf 66' lang='lat' dir='ltr'><strong>kirfily</strong></span> <span class='ocrx_word' id='word_1_26' title='bbox 652 1127 772 1177; x_wconf 84' lang='lat' dir='ltr'><strong>neki</strong></span> <span class='ocrx_word' id='word_1_27' title='bbox 810 1140 843 1176; x_wconf 85' lang='lat' dir='ltr'><strong>a</strong></span> <span class='ocrx_word' id='word_1_28' title='bbox 878 1126 1103 1175; x_wconf 69' lang='lat' dir='ltr'><strong>kolcson</strong></span> <span class='ocrx_word' id='word_1_29' title='bbox 1140 1126 1291 1174; x_wconf 79' lang='lat' dir='ltr'><strong>adott</strong></span> <span class='ocrx_word' id='word_1_30' title='bbox 1324 1121 1543 1189; x_wconf 69' lang='lat' dir='ltr'><strong>penzert</strong></span> <span class='ocrx_word' id='word_1_31' title='bbox 1575 1123 1818 1184; x_wconf 70' lang='lat' dir='ltr'><strong>lekotott‚</strong></span> <span class='ocrx_word' id='word_1_32' title='bbox 1865 1121 1986 1189; x_wconf 68' lang='lat' dir='ltr'><strong>meg</strong></span> <span class='ocrx_word' id='word_1_33' title='bbox 2034 1125 2105 1175; x_wconf 82' lang='lat' dir='ltr'><strong>ha</strong></span> <span class='ocrx_word' id='word_1_34' title='bbox 2138 1125 2232 1176; x_wconf 76' lang='lat' dir='ltr'><strong>hat</strong></span> <span class='ocrx_word' id='word_1_35' title='bbox 2273 1121 2394 1190; x_wconf 82' lang='lat' dir='ltr'><strong>e&#39;vig</strong></span> <span class='ocrx_word' id='word_1_36' title='bbox 2429 1128 2609 1178; x_wconf 73' lang='lat' dir='ltr'><strong>mas-ad</strong></span> <span class='ocrx_word' id='word_1_37' title='bbox 2649 1131 2689 1177; x_wconf 74' lang='lat' dir='ltr'><strong>is</strong></span> 
     </span>
     <span class='ocr_line' id='line_1_7' title="bbox 440 1212 2689 1279; baseline 0.001 -13"><span class='ocrx_word' id='word_1_38' title='bbox 440 1213 579 1279; x_wconf 65' lang='grc' dir='ltr'><em>πέλε,</em></span> <span class='ocrx_word' id='word_1_39' title='bbox 617 1216 783 1266; x_wconf 80' lang='lat' dir='ltr'><strong>akkor</strong></span> <span class='ocrx_word' id='word_1_40' title='bbox 806 1230 919 1266; x_wconf 87' lang='lat' dir='ltr'><strong>sem</strong></span> <span class='ocrx_word' id='word_1_41' title='bbox 943 1215 1053 1265; x_wconf 60' lang='lat' dir='ltr'><strong>laez</strong></span> <span class='ocrx_word' id='word_1_42' title='bbox 1082 1212 1337 1277; x_wconf 86' lang='lat' dir='ltr'><strong>elegend6</strong></span> <span class='ocrx_word' id='word_1_43' title='bbox 1364 1229 1395 1263; x_wconf 83' lang='lat' dir='ltr'><strong>a</strong></span> <span class='ocrx_word' id='word_1_44' title='bbox 1421 1214 1644 1264; x_wconf 72' lang='lat' dir='ltr'><strong>kolcson</strong></span> <span class='ocrx_word' id='word_1_45' title='bbox 1670 1213 1820 1263; x_wconf 85' lang='lat' dir='ltr'><strong>adott</strong></span> <span class='ocrx_word' id='word_1_46' title='bbox 1846 1214 2147 1277; x_wconf 70' lang='lat' dir='ltr'><strong>osszegnek</strong></span> <span class='ocrx_word' id='word_1_47' title='bbox 2170 1213 2488 1267; x_wconf 69' lang='lat' dir='ltr'><strong>fedezesere.</strong></span> <span class='ocrx_word' id='word_1_48' title='bbox 2530 1216 2689 1269; x_wconf 74' lang='lat' dir='ltr'><strong>vede-</strong></span> 
     </span>
     <span class='ocr_line' id='line_1_8' title="bbox 446 1301 2693 1374; baseline 0.001 -19"><span class='ocrx_word' id='word_1_49' title='bbox 446 1307 600 1356; x_wconf 77' lang='lat' dir='ltr'><strong>kezik</strong></span> <span class='ocrx_word' id='word_1_50' title='bbox 637 1320 703 1357; x_wconf 83' lang='lat' dir='ltr'><strong>az</strong></span> <span class='ocrx_word' id='word_1_51' title='bbox 739 1305 892 1368; x_wconf 89' lang='lat' dir='ltr'><strong>ellen,</strong></span> <span class='ocrx_word' id='word_1_52' title='bbox 937 1306 1084 1369; x_wconf 79' lang='lat' dir='ltr'><strong>hogy</strong></span> <span class='ocrx_word' id='word_1_53' title='bbox 1122 1318 1155 1354; x_wconf 86' lang='lat' dir='ltr'><strong>a</strong></span> <span class='ocrx_word' id='word_1_54' title='bbox 1189 1301 1534 1367; x_wconf 71' lang='lat' dir='ltr'><strong>deszpotatus</strong></span> <span class='ocrx_word' id='word_1_55' title='bbox 1580 1301 1795 1354; x_wconf 72' lang='lat' dir='ltr'><strong>katonai</strong></span> <span class='ocrx_word' id='word_1_56' title='bbox 1841 1318 1874 1354; x_wconf 85' lang='lat' dir='ltr'><strong>a</strong></span> <span class='ocrx_word' id='word_1_57' title='bbox 1918 1301 2102 1368; x_wconf 65' lang='lat' dir='ltr'><strong>kiralyi</strong></span> <span class='ocrx_word' id='word_1_58' title='bbox 2143 1306 2361 1370; x_wconf 85' lang='lat' dir='ltr'><strong>javakat</strong></span> <span class='ocrx_word' id='word_1_59' title='bbox 2395 1303 2693 1374; x_wconf 66' lang='lat' dir='ltr'><strong>pusztitjfik.</strong></span> 
     </span>
    </p>
   </div>
   <div class='ocr_carea' id='block_1_5' title="bbox 441 1449 2701 4653">
    <p class='ocr_par' dir='ltr' id='par_1_5' title="bbox 441 1449 2701 4653">
     <span class='ocr_line' id='line_1_9' title="bbox 656 1449 2685 1530; baseline 0.003 -17"><span class='ocrx_word' id='word_1_60' title='bbox 656 1450 1003 1530; x_wconf 85' lang='lat' dir='ltr'><strong>Magnifice</strong></span> <span class='ocrx_word' id='word_1_61' title='bbox 1066 1450 1329 1513; x_wconf 88' lang='lat' dir='ltr'><strong>domine</strong></span> <span class='ocrx_word' id='word_1_62' title='bbox 1392 1449 1599 1512; x_wconf 84' lang='lat' dir='ltr'><strong>amice</strong></span> <span class='ocrx_word' id='word_1_63' title='bbox 1648 1457 1713 1512; x_wconf 86' lang='lat' dir='ltr'><strong>et</strong></span> <span class='ocrx_word' id='word_1_64' title='bbox 1759 1449 1953 1512; x_wconf 89' lang='lat' dir='ltr'><strong>frater</strong></span> <span class='ocrx_word' id='word_1_65' title='bbox 2016 1458 2239 1514; x_wconf 91' lang='lat' dir='ltr'><strong>noster</strong></span> <span class='ocrx_word' id='word_1_66' title='bbox 2282 1452 2685 1521; x_wconf 71' lang='lat' dir='ltr'><strong>honorande,</strong></span> 
     </span>
     <span class='ocr_line' id='line_1_10' title="bbox 441 1558 2689 1644; baseline 0.002 -23"><span class='ocrx_word' id='word_1_67' title='bbox 441 1558 715 1621; x_wconf 83' lang='lat' dir='ltr'><strong>Litteras</strong></span> <span class='ocrx_word' id='word_1_68' title='bbox 758 1566 1014 1621; x_wconf 88' lang='lat' dir='ltr'><strong>vestras</strong></span> <span class='ocrx_word' id='word_1_69' title='bbox 1070 1559 1155 1620; x_wconf 91' lang='lat' dir='ltr'><strong>ad</strong></span> <span class='ocrx_word' id='word_1_70' title='bbox 1200 1574 1326 1619; x_wconf 90' lang='lat' dir='ltr'><strong>nos</strong></span> <span class='ocrx_word' id='word_1_71' title='bbox 1357 1558 1639 1619; x_wconf 90' lang='lat' dir='ltr'><strong>directas</strong></span> <span class='ocrx_word' id='word_1_72' title='bbox 1677 1574 1840 1619; x_wconf 89' lang='lat' dir='ltr'><strong>sane</strong></span> <span class='ocrx_word' id='word_1_73' title='bbox 1871 1558 2324 1623; x_wconf 67' lang='lat' dir='ltr'><strong>intelleximus</strong></span> <span class='ocrx_word' id='word_1_74' title='bbox 2373 1563 2477 1625; x_wconf 90' lang='lat' dir='ltr'><strong>Ad</strong></span> <span class='ocrx_word' id='word_1_75' title='bbox 2524 1581 2689 1644; x_wconf 80' lang='lat' dir='ltr'><strong>quos</strong></span> 
     </span>
     <span class='ocr_line' id='line_1_11' title="bbox 445 1664 2689 1746; baseline 0.003 -18"><span class='ocrx_word' id='word_1_76' title='bbox 445 1665 723 1728; x_wconf 89' lang='lat' dir='ltr'><strong>breviter</strong></span> <span class='ocrx_word' id='word_1_77' title='bbox 786 1666 1286 1746; x_wconf 83' lang='lat' dir='ltr'><strong>respondemuS,</strong></span> <span class='ocrx_word' id='word_1_78' title='bbox 1353 1664 1596 1727; x_wconf 89' lang='lat' dir='ltr'><strong>scilicet</strong></span> <span class='ocrx_word' id='word_1_79' title='bbox 1660 1665 1968 1728; x_wconf 86' lang='lat' dir='ltr'><strong>articulos</strong></span> <span class='ocrx_word' id='word_1_80' title='bbox 2032 1667 2142 1729; x_wconf 91' lang='lat' dir='ltr'><strong>ubi</strong></span> <span class='ocrx_word' id='word_1_81' title='bbox 2215 1669 2432 1732; x_wconf 87' lang='lat' dir='ltr'><strong>scribit</strong></span> <span class='ocrx_word' id='word_1_82' title='bbox 2478 1678 2689 1734; x_wconf 75' lang='lat' dir='ltr'><strong>vestra</strong></span> 
     </span>
     <span class='ocr_line' id='line_1_12' title="bbox 442 1772 2682 1853; baseline 0.003 -17"><span class='ocrx_word' id='word_1_83' title='bbox 442 1773 793 1853; x_wconf 85' lang='lat' dir='ltr'><strong>magnifica</strong></span> <span class='ocrx_word' id='word_1_84' title='bbox 829 1772 1187 1836; x_wconf 85' lang='lat' dir='ltr'><strong>dominatio</strong></span> <span class='ocrx_word' id='word_1_85' title='bbox 1219 1773 1346 1834; x_wconf 91' lang='lat' dir='ltr'><strong>iam</strong></span> <span class='ocrx_word' id='word_1_86' title='bbox 1393 1780 1615 1851; x_wconf 89' lang='lat' dir='ltr'><strong>aperte</strong></span> <span class='ocrx_word' id='word_1_87' title='bbox 1661 1773 2011 1851; x_wconf 90' lang='lat' dir='ltr'><strong>invenisse,</strong></span> <span class='ocrx_word' id='word_1_88' title='bbox 2045 1774 2225 1853; x_wconf 93' lang='lat' dir='ltr'><strong>quod</strong></span> <span class='ocrx_word' id='word_1_89' title='bbox 2272 1779 2474 1840; x_wconf 90' lang='lat' dir='ltr'><strong>nostri</strong></span> <span class='ocrx_word' id='word_1_90' title='bbox 2520 1778 2682 1843; x_wconf 84' lang='lat' dir='ltr'><strong>ince-</strong></span> 
     </span>
     <span class='ocr_line' id='line_1_13' title="bbox 442 1879 2685 1963; baseline 0.002 -19"><span class='ocrx_word' id='word_1_91' title='bbox 442 1881 694 1963; x_wconf 87' lang='lat' dir='ltr'><strong>pissent</strong></span> <span class='ocrx_word' id='word_1_92' title='bbox 737 1880 821 1943; x_wconf 92' lang='lat' dir='ltr'><strong>ibi</strong></span> <span class='ocrx_word' id='word_1_93' title='bbox 876 1879 1111 1942; x_wconf 88' lang='lat' dir='ltr'><strong>melius</strong></span> <span class='ocrx_word' id='word_1_94' title='bbox 1192 1879 1477 1942; x_wconf 91' lang='lat' dir='ltr'><strong>sciscitet</strong></span> <span class='ocrx_word' id='word_1_95' title='bbox 1539 1886 1758 1942; x_wconf 88' lang='lat' dir='ltr'><strong>vestra</strong></span> <span class='ocrx_word' id='word_1_96' title='bbox 1822 1882 2172 1960; x_wconf 86' lang='lat' dir='ltr'><strong>magnifica</strong></span> <span class='ocrx_word' id='word_1_97' title='bbox 2226 1883 2584 1948; x_wconf 88' lang='lat' dir='ltr'><strong>dominatio</strong></span> <span class='ocrx_word' id='word_1_98' title='bbox 2628 1897 2685 1950; x_wconf 81' lang='lat' dir='ltr'><strong>et</strong></span> 
     </span>
     <span class='ocr_line' id='line_1_14' title="bbox 444 1987 2693 2073; baseline 0.003 -23"><span class='ocrx_word' id='word_1_99' title='bbox 444 1989 639 2069; x_wconf 88' lang='lat' dir='ltr'><strong>longe</strong></span> <span class='ocrx_word' id='word_1_100' title='bbox 686 1988 868 2050; x_wconf 84' lang='lat' dir='ltr'><strong>aliter</strong></span> <span class='ocrx_word' id='word_1_101' title='bbox 914 1987 1216 2063; x_wconf 90' lang='lat' dir='ltr'><strong>inveniet,</strong></span> <span class='ocrx_word' id='word_1_102' title='bbox 1284 1987 1403 2049; x_wconf 91' lang='lat' dir='ltr'><strong>sed</strong></span> <span class='ocrx_word' id='word_1_103' title='bbox 1450 2004 1584 2050; x_wconf 91' lang='lat' dir='ltr'><strong>non</strong></span> <span class='ocrx_word' id='word_1_104' title='bbox 1632 1989 1718 2049; x_wconf 89' lang='lat' dir='ltr'><strong>ab</strong></span> <span class='ocrx_word' id='word_1_105' title='bbox 1765 1988 1884 2051; x_wconf 91' lang='lat' dir='ltr'><strong>illis</strong></span> <span class='ocrx_word' id='word_1_106' title='bbox 1929 1990 2039 2069; x_wconf 92' lang='lat' dir='ltr'><strong>qui</strong></span> <span class='ocrx_word' id='word_1_107' title='bbox 2084 1990 2327 2054; x_wconf 87' lang='lat' dir='ltr'><strong>crimen</strong></span> <span class='ocrx_word' id='word_1_108' title='bbox 2373 2002 2693 2073; x_wconf 76' lang='lat' dir='ltr'><strong>perpetra-</strong></span> 
     </span>
     <span class='ocr_line' id='line_1_15' title="bbox 445 2095 2693 2178; baseline 0.004 -21"><span class='ocrx_word' id='word_1_109' title='bbox 445 2103 616 2174; x_wconf 88' lang='lat' dir='ltr'><strong>runt,</strong></span> <span class='ocrx_word' id='word_1_110' title='bbox 685 2096 837 2175; x_wconf 92' lang='lat' dir='ltr'><strong>quia</strong></span> <span class='ocrx_word' id='word_1_111' title='bbox 904 2095 984 2158; x_wconf 88' lang='lat' dir='ltr'><strong>illi</strong></span> <span class='ocrx_word' id='word_1_112' title='bbox 1040 2113 1380 2175; x_wconf 91' lang='lat' dir='ltr'><strong>nunquam</strong></span> <span class='ocrx_word' id='word_1_113' title='bbox 1430 2095 1659 2158; x_wconf 89' lang='lat' dir='ltr'><strong>dicunt</strong></span> <span class='ocrx_word' id='word_1_114' title='bbox 1725 2113 1800 2158; x_wconf 89' lang='lat' dir='ltr'><strong>se</strong></span> <span class='ocrx_word' id='word_1_115' title='bbox 1853 2096 2034 2175; x_wconf 89' lang='lat' dir='ltr'><strong>ipsos</strong></span> <span class='ocrx_word' id='word_1_116' title='bbox 2099 2098 2525 2178; x_wconf 85' lang='lat' dir='ltr'><strong>malefecisse,</strong></span> <span class='ocrx_word' id='word_1_117' title='bbox 2575 2119 2693 2165; x_wconf 73' lang='lat' dir='ltr'><strong>nec</strong></span> 
     </span>
     <span class='ocr_line' id='line_1_16' title="bbox 449 2202 2697 2283; baseline 0.002 -18"><span class='ocrx_word' id='word_1_118' title='bbox 449 2202 701 2282; x_wconf 88' lang='lat' dir='ltr'><strong>aliquas</strong></span> <span class='ocrx_word' id='word_1_119' title='bbox 747 2202 1245 2283; x_wconf 87' lang='lat' dir='ltr'><strong>depredationes</strong></span> <span class='ocrx_word' id='word_1_120' title='bbox 1292 2203 1631 2283; x_wconf 87' lang='lat' dir='ltr'><strong>incepisse,</strong></span> <span class='ocrx_word' id='word_1_121' title='bbox 1683 2204 1802 2265; x_wconf 90' lang='lat' dir='ltr'><strong>sed</strong></span> <span class='ocrx_word' id='word_1_122' title='bbox 1850 2222 1965 2283; x_wconf 92' lang='lat' dir='ltr'><strong>per</strong></span> <span class='ocrx_word' id='word_1_123' title='bbox 2014 2206 2352 2268; x_wconf 91' lang='lat' dir='ltr'><strong>veredicos</strong></span> <span class='ocrx_word' id='word_1_124' title='bbox 2398 2207 2697 2271; x_wconf 79' lang='lat' dir='ltr'><strong>homines</strong></span> 
     </span>
     <span class='ocr_line' id='line_1_17' title="bbox 448 2309 2693 2397; baseline 0.002 -25"><span class='ocrx_word' id='word_1_125' title='bbox 448 2309 751 2391; x_wconf 86' lang='lat' dir='ltr'><strong>intelliget</strong></span> <span class='ocrx_word' id='word_1_126' title='bbox 795 2317 1013 2373; x_wconf 89' lang='lat' dir='ltr'><strong>vestra</strong></span> <span class='ocrx_word' id='word_1_127' title='bbox 1059 2310 1408 2389; x_wconf 85' lang='lat' dir='ltr'><strong>magnifica</strong></span> <span class='ocrx_word' id='word_1_128' title='bbox 1454 2312 1831 2388; x_wconf 87' lang='lat' dir='ltr'><strong>dominatio,</strong></span> <span class='ocrx_word' id='word_1_129' title='bbox 1880 2319 1952 2372; x_wconf 92' lang='lat' dir='ltr'><strong>ut</strong></span> <span class='ocrx_word' id='word_1_130' title='bbox 2000 2319 2100 2375; x_wconf 92' lang='lat' dir='ltr'><strong>est</strong></span> <span class='ocrx_word' id='word_1_131' title='bbox 2146 2313 2424 2393; x_wconf 88' lang='lat' dir='ltr'><strong>inceptio</strong></span> <span class='ocrx_word' id='word_1_132' title='bbox 2471 2316 2693 2397; x_wconf 81' lang='lat' dir='ltr'><strong>depre-</strong></span> 
     </span>
     <span class='ocr_line' id='line_1_18' title="bbox 448 2414 2697 2500; baseline 0.003 -22"><span class='ocrx_word' id='word_1_133' title='bbox 448 2414 730 2480; x_wconf 89' lang='lat' dir='ltr'><strong>dationis</strong></span> <span class='ocrx_word' id='word_1_134' title='bbox 773 2436 973 2498; x_wconf 90' lang='lat' dir='ltr'><strong>super</strong></span> <span class='ocrx_word' id='word_1_135' title='bbox 1017 2418 1195 2480; x_wconf 90' lang='lat' dir='ltr'><strong>bona</strong></span> <span class='ocrx_word' id='word_1_136' title='bbox 1240 2417 1627 2497; x_wconf 90' lang='lat' dir='ltr'><strong>despotatus</strong></span> <span class='ocrx_word' id='word_1_137' title='bbox 1674 2435 1756 2480; x_wconf 87' lang='lat' dir='ltr'><strong>ex</strong></span> <span class='ocrx_word' id='word_1_138' title='bbox 1803 2418 1908 2480; x_wconf 82' lang='lat' dir='ltr'><strong>illa</strong></span> <span class='ocrx_word' id='word_1_139' title='bbox 1932 2426 2134 2500; x_wconf 90' lang='lat' dir='ltr'><strong>parte.</strong></span> <span class='ocrx_word' id='word_1_140' title='bbox 2186 2420 2315 2485; x_wconf 92' lang='lat' dir='ltr'><strong>Ubi</strong></span> <span class='ocrx_word' id='word_1_141' title='bbox 2362 2440 2518 2485; x_wconf 91' lang='lat' dir='ltr'><strong>vero</strong></span> <span class='ocrx_word' id='word_1_142' title='bbox 2549 2423 2697 2486; x_wconf 84' lang='lat' dir='ltr'><strong>dicit</strong></span> 
     </span>
     <span class='ocr_line' id='line_1_19' title="bbox 450 2525 2697 2607; baseline 0.004 -23"><span class='ocrx_word' id='word_1_143' title='bbox 450 2530 672 2585; x_wconf 88' lang='lat' dir='ltr'><strong>vestra</strong></span> <span class='ocrx_word' id='word_1_144' title='bbox 734 2525 1085 2606; x_wconf 85' lang='lat' dir='ltr'><strong>magnifica</strong></span> <span class='ocrx_word' id='word_1_145' title='bbox 1147 2525 1504 2587; x_wconf 87' lang='lat' dir='ltr'><strong>dominatio</strong></span> <span class='ocrx_word' id='word_1_146' title='bbox 1552 2532 1622 2587; x_wconf 93' lang='lat' dir='ltr'><strong>ut</strong></span> <span class='ocrx_word' id='word_1_147' title='bbox 1673 2543 1791 2607; x_wconf 88' lang='lat' dir='ltr'><strong>per</strong></span> <span class='ocrx_word' id='word_1_148' title='bbox 1837 2533 2100 2590; x_wconf 89' lang='lat' dir='ltr'><strong>nostros</strong></span> <span class='ocrx_word' id='word_1_149' title='bbox 2164 2528 2478 2594; x_wconf 83' lang='lat' dir='ltr'><strong>officiales</strong></span> <span class='ocrx_word' id='word_1_150' title='bbox 2525 2532 2697 2594; x_wconf 76' lang='lat' dir='ltr'><strong>nulla</strong></span> 
     </span>
     <span class='ocr_line' id='line_1_20' title="bbox 452 2631 2701 2714; baseline 0.004 -21"><span class='ocrx_word' id='word_1_151' title='bbox 452 2631 826 2695; x_wconf 87' lang='lat' dir='ltr'><strong>rectificatio</strong></span> <span class='ocrx_word' id='word_1_152' title='bbox 858 2633 1314 2712; x_wconf 87' lang='lat' dir='ltr'><strong>iobagionibus</strong></span> <span class='ocrx_word' id='word_1_153' title='bbox 1346 2633 1518 2712; x_wconf 89' lang='lat' dir='ltr'><strong>regie</strong></span> <span class='ocrx_word' id='word_1_154' title='bbox 1551 2634 1910 2697; x_wconf 90' lang='lat' dir='ltr'><strong>maiestatis</strong></span> <span class='ocrx_word' id='word_1_155' title='bbox 1948 2634 2196 2714; x_wconf 88' lang='lat' dir='ltr'><strong>fuisset,</strong></span> <span class='ocrx_word' id='word_1_156' title='bbox 2244 2637 2373 2700; x_wconf 87' lang='lat' dir='ltr'><strong>hoc</strong></span> <span class='ocrx_word' id='word_1_157' title='bbox 2420 2655 2553 2701; x_wconf 90' lang='lat' dir='ltr'><strong>non</strong></span> <span class='ocrx_word' id='word_1_158' title='bbox 2582 2639 2701 2702; x_wconf 86' lang='lat' dir='ltr'><strong>fuit</strong></span> 
     </span>
     <span class='ocr_line' id='line_1_21' title="bbox 451 2739 2697 2821; baseline 0.002 -21"><span class='ocrx_word' id='word_1_159' title='bbox 451 2739 710 2816; x_wconf 89' lang='lat' dir='ltr'><strong>mirum,</strong></span> <span class='ocrx_word' id='word_1_160' title='bbox 766 2740 920 2820; x_wconf 89' lang='lat' dir='ltr'><strong>quia</strong></span> <span class='ocrx_word' id='word_1_161' title='bbox 965 2743 1149 2803; x_wconf 91' lang='lat' dir='ltr'><strong>solus</strong></span> <span class='ocrx_word' id='word_1_162' title='bbox 1195 2739 1502 2803; x_wconf 89' lang='lat' dir='ltr'><strong>dominus</strong></span> <span class='ocrx_word' id='word_1_163' title='bbox 1549 2740 1766 2803; x_wconf 87' lang='lat' dir='ltr'><strong>banus</strong></span> <span class='ocrx_word' id='word_1_164' title='bbox 1813 2742 2036 2805; x_wconf 90' lang='lat' dir='ltr'><strong>socius</strong></span> <span class='ocrx_word' id='word_1_165' title='bbox 2081 2751 2299 2807; x_wconf 91' lang='lat' dir='ltr'><strong>vester</strong></span> <span class='ocrx_word' id='word_1_166' title='bbox 2343 2746 2513 2808; x_wconf 87' lang='lat' dir='ltr'><strong>bene</strong></span> <span class='ocrx_word' id='word_1_167' title='bbox 2559 2746 2697 2821; x_wconf 76' lang='lat' dir='ltr'><strong>scit,</strong></span> 
     </span>
     <span class='ocr_line' id='line_1_22' title="bbox 452 2844 2701 2931; baseline 0.003 -24"><span class='ocrx_word' id='word_1_168' title='bbox 452 2852 526 2907; x_wconf 90' lang='lat' dir='ltr'><strong>ut</strong></span> <span class='ocrx_word' id='word_1_169' title='bbox 574 2844 922 2910; x_wconf 87' lang='lat' dir='ltr'><strong>familiares</strong></span> <span class='ocrx_word' id='word_1_170' title='bbox 982 2848 1185 2910; x_wconf 88' lang='lat' dir='ltr'><strong>nostri</strong></span> <span class='ocrx_word' id='word_1_171' title='bbox 1232 2865 1350 2928; x_wconf 92' lang='lat' dir='ltr'><strong>pro</strong></span> <span class='ocrx_word' id='word_1_172' title='bbox 1397 2848 1857 2911; x_wconf 85' lang='lat' dir='ltr'><strong>rectificatione</strong></span> <span class='ocrx_word' id='word_1_173' title='bbox 1923 2851 2147 2930; x_wconf 90' lang='lat' dir='ltr'><strong>sepius</strong></span> <span class='ocrx_word' id='word_1_174' title='bbox 2194 2851 2424 2931; x_wconf 91' lang='lat' dir='ltr'><strong>ierunt,</strong></span> <span class='ocrx_word' id='word_1_175' title='bbox 2481 2860 2554 2916; x_wconf 90' lang='lat' dir='ltr'><strong>ut</strong></span> <span class='ocrx_word' id='word_1_176' title='bbox 2599 2853 2701 2916; x_wconf 77' lang='lat' dir='ltr'><strong>illa</strong></span> 
     </span>
     <span class='ocr_line' id='line_1_23' title="bbox 452 2954 2697 3038; baseline 0.003 -22"><span class='ocrx_word' id='word_1_177' title='bbox 452 2954 955 3017; x_wconf 79' lang='lat' dir='ltr'><strong>rectificarentur</strong></span> <span class='ocrx_word' id='word_1_178' title='bbox 1001 2955 1307 3036; x_wconf 91' lang='lat' dir='ltr'><strong>dampna,</strong></span> <span class='ocrx_word' id='word_1_179' title='bbox 1365 2973 1495 3035; x_wconf 91' lang='lat' dir='ltr'><strong>que</strong></span> <span class='ocrx_word' id='word_1_180' title='bbox 1534 2973 1734 3036; x_wconf 89' lang='lat' dir='ltr'><strong>super</strong></span> <span class='ocrx_word' id='word_1_181' title='bbox 1780 2957 1956 3019; x_wconf 91' lang='lat' dir='ltr'><strong>bona</strong></span> <span class='ocrx_word' id='word_1_182' title='bbox 2003 2957 2391 3038; x_wconf 87' lang='lat' dir='ltr'><strong>despotatus</strong></span> <span class='ocrx_word' id='word_1_183' title='bbox 2438 2961 2697 3023; x_wconf 85' lang='lat' dir='ltr'><strong>fuerunt</strong></span> 
     </span>
     <span class='ocr_line' id='line_1_24' title="bbox 451 3063 2697 3146; baseline 0.004 -24"><span class='ocrx_word' id='word_1_184' title='bbox 451 3068 840 3142; x_wconf 90' lang='lat' dir='ltr'><strong>perpetrata,</strong></span> <span class='ocrx_word' id='word_1_185' title='bbox 907 3063 1025 3125; x_wconf 92' lang='lat' dir='ltr'><strong>sed</strong></span> <span class='ocrx_word' id='word_1_186' title='bbox 1073 3063 1340 3127; x_wconf 90' lang='lat' dir='ltr'><strong>minime</strong></span> <span class='ocrx_word' id='word_1_187' title='bbox 1392 3064 1617 3126; x_wconf 89' lang='lat' dir='ltr'><strong>voluit.</strong></span> <span class='ocrx_word' id='word_1_188' title='bbox 1687 3063 1840 3126; x_wconf 89' lang='lat' dir='ltr'><strong>Ideo</strong></span> <span class='ocrx_word' id='word_1_189' title='bbox 1916 3064 1970 3126; x_wconf 92' lang='lat' dir='ltr'><strong>si</strong></span> <span class='ocrx_word' id='word_1_190' title='bbox 2018 3065 2234 3144; x_wconf 90' lang='lat' dir='ltr'><strong>aliqua</strong></span> <span class='ocrx_word' id='word_1_191' title='bbox 2280 3084 2483 3146; x_wconf 89' lang='lat' dir='ltr'><strong>parva</strong></span> <span class='ocrx_word' id='word_1_192' title='bbox 2529 3068 2697 3130; x_wconf 77' lang='lat' dir='ltr'><strong>facta</strong></span> 
     </span>
     <span class='ocr_line' id='line_1_25' title="bbox 454 3167 2701 3251; baseline 0.003 -21"><span class='ocrx_word' id='word_1_193' title='bbox 454 3167 720 3231; x_wconf 86' lang='lat' dir='ltr'><strong>fuerunt</strong></span> <span class='ocrx_word' id='word_1_194' title='bbox 765 3186 848 3231; x_wconf 88' lang='lat' dir='ltr'><strong>ex</strong></span> <span class='ocrx_word' id='word_1_195' title='bbox 895 3169 1019 3232; x_wconf 88' lang='lat' dir='ltr'><strong>ista</strong></span> <span class='ocrx_word' id='word_1_196' title='bbox 1065 3179 1245 3251; x_wconf 89' lang='lat' dir='ltr'><strong>parte</strong></span> <span class='ocrx_word' id='word_1_197' title='bbox 1309 3188 1427 3251; x_wconf 92' lang='lat' dir='ltr'><strong>pro</strong></span> <span class='ocrx_word' id='word_1_198' title='bbox 1493 3170 1799 3250; x_wconf 88' lang='lat' dir='ltr'><strong>dampnis</strong></span> <span class='ocrx_word' id='word_1_199' title='bbox 1862 3171 2177 3251; x_wconf 85' lang='lat' dir='ltr'><strong>ipsorum,</strong></span> <span class='ocrx_word' id='word_1_200' title='bbox 2244 3190 2323 3234; x_wconf 91' lang='lat' dir='ltr'><strong>ea</strong></span> <span class='ocrx_word' id='word_1_201' title='bbox 2368 3173 2450 3235; x_wconf 92' lang='lat' dir='ltr'><strong>de</strong></span> <span class='ocrx_word' id='word_1_202' title='bbox 2497 3192 2701 3238; x_wconf 75' lang='lat' dir='ltr'><strong>causa</strong></span> 
     </span>
     <span class='ocr_line' id='line_1_26' title="bbox 454 3275 2701 3358; baseline 0.003 -21"><span class='ocrx_word' id='word_1_203' title='bbox 454 3275 556 3338; x_wconf 85' lang='lat' dir='ltr'><strong>isti</strong></span> <span class='ocrx_word' id='word_1_204' title='bbox 620 3276 933 3340; x_wconf 86' lang='lat' dir='ltr'><strong>officiales</strong></span> <span class='ocrx_word' id='word_1_205' title='bbox 997 3278 1198 3340; x_wconf 90' lang='lat' dir='ltr'><strong>nostri</strong></span> <span class='ocrx_word' id='word_1_206' title='bbox 1263 3277 1327 3339; x_wconf 90' lang='lat' dir='ltr'><strong>in</strong></span> <span class='ocrx_word' id='word_1_207' title='bbox 1392 3295 1678 3358; x_wconf 90' lang='lat' dir='ltr'><strong>persona</strong></span> <span class='ocrx_word' id='word_1_208' title='bbox 1739 3284 1966 3342; x_wconf 89' lang='lat' dir='ltr'><strong>nostra</strong></span> <span class='ocrx_word' id='word_1_209' title='bbox 2029 3279 2138 3342; x_wconf 91' lang='lat' dir='ltr'><strong>hic</strong></span> <span class='ocrx_word' id='word_1_210' title='bbox 2190 3281 2521 3343; x_wconf 88' lang='lat' dir='ltr'><strong>constituti</strong></span> <span class='ocrx_word' id='word_1_211' title='bbox 2568 3298 2701 3343; x_wconf 85' lang='lat' dir='ltr'><strong>non</strong></span> 
     </span>
     <span class='ocr_line' id='line_1_27' title="bbox 456 3382 2701 3464; baseline 0.002 -19"><span class='ocrx_word' id='word_1_212' title='bbox 456 3382 784 3446; x_wconf 89' lang='lat' dir='ltr'><strong>sciverunt</strong></span> <span class='ocrx_word' id='word_1_213' title='bbox 863 3386 1146 3464; x_wconf 88' lang='lat' dir='ltr'><strong>aliquam</strong></span> <span class='ocrx_word' id='word_1_214' title='bbox 1240 3385 1454 3447; x_wconf 86' lang='lat' dir='ltr'><strong>facere</strong></span> <span class='ocrx_word' id='word_1_215' title='bbox 1543 3386 2089 3450; x_wconf 88' lang='lat' dir='ltr'><strong>rectificationem.</strong></span> <span class='ocrx_word' id='word_1_216' title='bbox 2179 3385 2396 3450; x_wconf 88' lang='lat' dir='ltr'><strong>Etiam</strong></span> <span class='ocrx_word' id='word_1_217' title='bbox 2484 3387 2701 3450; x_wconf 86' lang='lat' dir='ltr'><strong>scribit</strong></span> 
     </span>
     <span class='ocr_line' id='line_1_28' title="bbox 455 3492 2701 3573; baseline 0.004 -23"><span class='ocrx_word' id='word_1_218' title='bbox 455 3497 673 3552; x_wconf 88' lang='lat' dir='ltr'><strong>vestra</strong></span> <span class='ocrx_word' id='word_1_219' title='bbox 702 3492 1052 3571; x_wconf 85' lang='lat' dir='ltr'><strong>magnifica</strong></span> <span class='ocrx_word' id='word_1_220' title='bbox 1091 3492 1469 3569; x_wconf 81' lang='lat' dir='ltr'><strong>dominatiO‚</strong></span> <span class='ocrx_word' id='word_1_221' title='bbox 1518 3492 1698 3573; x_wconf 93' lang='lat' dir='ltr'><strong>quod</strong></span> <span class='ocrx_word' id='word_1_222' title='bbox 1745 3494 1940 3556; x_wconf 91' lang='lat' dir='ltr'><strong>etiam</strong></span> <span class='ocrx_word' id='word_1_223' title='bbox 1972 3495 2188 3557; x_wconf 87' lang='lat' dir='ltr'><strong>banus</strong></span> <span class='ocrx_word' id='word_1_224' title='bbox 2233 3494 2456 3558; x_wconf 90' lang='lat' dir='ltr'><strong>socius</strong></span> <span class='ocrx_word' id='word_1_225' title='bbox 2488 3502 2701 3558; x_wconf 81' lang='lat' dir='ltr'><strong>vester</strong></span> 
     </span>
     <span class='ocr_line' id='line_1_29' title="bbox 456 3596 2701 3680; baseline 0.001 -21"><span class='ocrx_word' id='word_1_226' title='bbox 456 3596 716 3677; x_wconf 89' lang='lat' dir='ltr'><strong>coniugi</strong></span> <span class='ocrx_word' id='word_1_227' title='bbox 763 3606 982 3662; x_wconf 90' lang='lat' dir='ltr'><strong>nostre</strong></span> <span class='ocrx_word' id='word_1_228' title='bbox 1027 3599 1414 3679; x_wconf 88' lang='lat' dir='ltr'><strong>scripsisset,</strong></span> <span class='ocrx_word' id='word_1_229' title='bbox 1462 3606 1526 3662; x_wconf 89' lang='lat' dir='ltr'><strong>et</strong></span> <span class='ocrx_word' id='word_1_230' title='bbox 1557 3600 1700 3680; x_wconf 88' lang='lat' dir='ltr'><strong>ipsa</strong></span> <span class='ocrx_word' id='word_1_231' title='bbox 1731 3617 1997 3680; x_wconf 90' lang='lat' dir='ltr'><strong>quoque</strong></span> <span class='ocrx_word' id='word_1_232' title='bbox 2043 3601 2131 3664; x_wconf 90' lang='lat' dir='ltr'><strong>nil</strong></span> <span class='ocrx_word' id='word_1_233' title='bbox 2159 3601 2478 3665; x_wconf 88' lang='lat' dir='ltr'><strong>voluisset</strong></span> <span class='ocrx_word' id='word_1_234' title='bbox 2522 3602 2701 3665; x_wconf 89' lang='lat' dir='ltr'><strong>recti-</strong></span> 
     </span>
     <span class='ocr_line' id='line_1_30' title="bbox 457 3705 2701 3788; baseline 0.003 -21"><span class='ocrx_word' id='word_1_235' title='bbox 457 3705 654 3769; x_wconf 86' lang='lat' dir='ltr'><strong>ficare</strong></span> <span class='ocrx_word' id='word_1_236' title='bbox 703 3706 784 3768; x_wconf 94' lang='lat' dir='ltr'><strong>de</strong></span> <span class='ocrx_word' id='word_1_237' title='bbox 830 3705 1132 3788; x_wconf 86' lang='lat' dir='ltr'><strong>dampnis</strong></span> <span class='ocrx_word' id='word_1_238' title='bbox 1176 3714 1252 3770; x_wconf 92' lang='lat' dir='ltr'><strong>ut</strong></span> <span class='ocrx_word' id='word_1_239' title='bbox 1287 3707 1494 3771; x_wconf 87' lang='lat' dir='ltr'><strong>dicitis</strong></span> <span class='ocrx_word' id='word_1_240' title='bbox 1538 3726 1655 3788; x_wconf 91' lang='lat' dir='ltr'><strong>per</strong></span> <span class='ocrx_word' id='word_1_241' title='bbox 1702 3716 1964 3772; x_wconf 89' lang='lat' dir='ltr'><strong>nostros</strong></span> <span class='ocrx_word' id='word_1_242' title='bbox 2008 3709 2215 3772; x_wconf 91' lang='lat' dir='ltr'><strong>illatis.</strong></span> <span class='ocrx_word' id='word_1_243' title='bbox 2264 3708 2442 3773; x_wconf 88' lang='lat' dir='ltr'><strong>Sciat</strong></span> <span class='ocrx_word' id='word_1_244' title='bbox 2486 3717 2701 3774; x_wconf 74' lang='lat' dir='ltr'><strong>vestra</strong></span> 
     </span>
     <span class='ocr_line' id='line_1_31' title="bbox 458 3813 2701 3898; baseline 0.001 -22"><span class='ocrx_word' id='word_1_245' title='bbox 458 3813 809 3893; x_wconf 88' lang='lat' dir='ltr'><strong>magnifica</strong></span> <span class='ocrx_word' id='word_1_246' title='bbox 852 3815 1209 3878; x_wconf 88' lang='lat' dir='ltr'><strong>dominatio</strong></span> <span class='ocrx_word' id='word_1_247' title='bbox 1255 3822 1330 3878; x_wconf 92' lang='lat' dir='ltr'><strong>ut</strong></span> <span class='ocrx_word' id='word_1_248' title='bbox 1374 3816 1679 3878; x_wconf 88' lang='lat' dir='ltr'><strong>mulieres</strong></span> <span class='ocrx_word' id='word_1_249' title='bbox 1731 3834 1867 3881; x_wconf 92' lang='lat' dir='ltr'><strong>non</strong></span> <span class='ocrx_word' id='word_1_250' title='bbox 1914 3818 2160 3881; x_wconf 88' lang='lat' dir='ltr'><strong>habent</strong></span> <span class='ocrx_word' id='word_1_251' title='bbox 2204 3834 2377 3898; x_wconf 91' lang='lat' dir='ltr'><strong>opus</strong></span> <span class='ocrx_word' id='word_1_252' title='bbox 2422 3817 2509 3879; x_wconf 91' lang='lat' dir='ltr'><strong>ad</strong></span> <span class='ocrx_word' id='word_1_253' title='bbox 2552 3818 2701 3880; x_wconf 76' lang='lat' dir='ltr'><strong>talia</strong></span> 
     </span>
     <span class='ocr_line' id='line_1_32' title="bbox 458 3921 2701 4002; baseline 0.001 -19"><span class='ocrx_word' id='word_1_254' title='bbox 458 3922 720 4000; x_wconf 88' lang='lat' dir='ltr'><strong>negotia</strong></span> <span class='ocrx_word' id='word_1_255' title='bbox 764 3923 1119 4002; x_wconf 92' lang='lat' dir='ltr'><strong>providere.</strong></span> <span class='ocrx_word' id='word_1_256' title='bbox 1188 3921 1330 3985; x_wconf 92' lang='lat' dir='ltr'><strong>Nos</strong></span> <span class='ocrx_word' id='word_1_257' title='bbox 1392 3922 1563 3985; x_wconf 90' lang='lat' dir='ltr'><strong>bene</strong></span> <span class='ocrx_word' id='word_1_258' title='bbox 1610 3923 1965 3987; x_wconf 87' lang='lat' dir='ltr'><strong>habuimus</strong></span> <span class='ocrx_word' id='word_1_259' title='bbox 2029 3926 2375 3999; x_wconf 82' lang='lat' dir='ltr'><strong>familiares</strong></span> <span class='ocrx_word' id='word_1_260' title='bbox 2420 3931 2701 4002; x_wconf 65' lang='lat' dir='ltr'><strong>nostroe,</strong></span> 
     </span>
     <span class='ocr_line' id='line_1_33' title="bbox 457 4028 2701 4112; baseline 0.001 -21"><span class='ocrx_word' id='word_1_261' title='bbox 457 4029 611 4108; x_wconf 90' lang='lat' dir='ltr'><strong>quia</strong></span> <span class='ocrx_word' id='word_1_262' title='bbox 673 4028 760 4092; x_wconf 90' lang='lat' dir='ltr'><strong>ad</strong></span> <span class='ocrx_word' id='word_1_263' title='bbox 803 4030 956 4093; x_wconf 86' lang='lat' dir='ltr'><strong>talia</strong></span> <span class='ocrx_word' id='word_1_264' title='bbox 1017 4031 1280 4110; x_wconf 88' lang='lat' dir='ltr'><strong>negotia</strong></span> <span class='ocrx_word' id='word_1_265' title='bbox 1346 4031 1754 4112; x_wconf 88' lang='lat' dir='ltr'><strong>providenda</strong></span> <span class='ocrx_word' id='word_1_266' title='bbox 1821 4032 2084 4096; x_wconf 89' lang='lat' dir='ltr'><strong>fuerunt</strong></span> <span class='ocrx_word' id='word_1_267' title='bbox 2152 4035 2508 4097; x_wconf 90' lang='lat' dir='ltr'><strong>commissi.</strong></span> <span class='ocrx_word' id='word_1_268' title='bbox 2568 4031 2701 4096; x_wconf 82' lang='lat' dir='ltr'><strong>Sed</strong></span> 
     </span>
     <span class='ocr_line' id='line_1_34' title="bbox 457 4138 2701 4222; baseline 0.002 -23"><span class='ocrx_word' id='word_1_269' title='bbox 457 4143 680 4200; x_wconf 81' lang='lat' dir='ltr'><strong>tamen</strong></span> <span class='ocrx_word' id='word_1_270' title='bbox 728 4138 1049 4220; x_wconf 90' lang='lat' dir='ltr'><strong>potuisset</strong></span> <span class='ocrx_word' id='word_1_271' title='bbox 1099 4138 1235 4201; x_wconf 87' lang='lat' dir='ltr'><strong>fieri</strong></span> <span class='ocrx_word' id='word_1_272' title='bbox 1284 4146 1499 4216; x_wconf 78' lang='lat' dir='ltr'><strong>vestre</strong></span> <span class='ocrx_word' id='word_1_273' title='bbox 1546 4139 1893 4218; x_wconf 84' lang='lat' dir='ltr'><strong>magnifice</strong></span> <span class='ocrx_word' id='word_1_274' title='bbox 1958 4140 2405 4220; x_wconf 89' lang='lat' dir='ltr'><strong>dominationi,</strong></span> <span class='ocrx_word' id='word_1_275' title='bbox 2451 4141 2701 4222; x_wconf 73' lang='lat' dir='ltr'><strong>absque</strong></span> 
     </span>
     <span class='ocr_line' id='line_1_35' title="bbox 458 4245 2697 4326; baseline 0.001 -18"><span class='ocrx_word' id='word_1_276' title='bbox 458 4245 836 4309; x_wconf 91' lang='lat' dir='ltr'><strong>huiusmodi</strong></span> <span class='ocrx_word' id='word_1_277' title='bbox 855 4246 1208 4326; x_wconf 85' lang='lat' dir='ltr'><strong>scripturis.</strong></span> <span class='ocrx_word' id='word_1_278' title='bbox 1221 4246 1478 4309; x_wconf 85' lang='lat' dir='ltr'><strong>Tamen</strong></span> <span class='ocrx_word' id='word_1_279' title='bbox 1499 4247 1748 4310; x_wconf 89' lang='lat' dir='ltr'><strong>scimus</strong></span> <span class='ocrx_word' id='word_1_280' title='bbox 1756 4253 2041 4309; x_wconf 90' lang='lat' dir='ltr'><strong>vestram</strong></span> <span class='ocrx_word' id='word_1_281' title='bbox 2061 4247 2480 4326; x_wconf 84' lang='lat' dir='ltr'><strong>magnificam</strong></span> <span class='ocrx_word' id='word_1_282' title='bbox 2498 4249 2697 4311; x_wconf 91' lang='lat' dir='ltr'><strong>domi-</strong></span> 
     </span>
     <span class='ocr_line' id='line_1_36' title="bbox 460 4354 2701 4436; baseline 0.002 -20"><span class='ocrx_word' id='word_1_283' title='bbox 460 4354 794 4416; x_wconf 88' lang='lat' dir='ltr'><strong>nationem</strong></span> <span class='ocrx_word' id='word_1_284' title='bbox 825 4371 1115 4417; x_wconf 90' lang='lat' dir='ltr'><strong>unacum</strong></span> <span class='ocrx_word' id='word_1_285' title='bbox 1146 4354 1330 4417; x_wconf 91' lang='lat' dir='ltr'><strong>socio</strong></span> <span class='ocrx_word' id='word_1_286' title='bbox 1362 4354 1662 4417; x_wconf 88' lang='lat' dir='ltr'><strong>eiusdem</strong></span> <span class='ocrx_word' id='word_1_287' title='bbox 1693 4371 1928 4417; x_wconf 89' lang='lat' dir='ltr'><strong>omnes</strong></span> <span class='ocrx_word' id='word_1_288' title='bbox 1954 4354 2260 4418; x_wconf 90' lang='lat' dir='ltr'><strong>militares</strong></span> <span class='ocrx_word' id='word_1_289' title='bbox 2282 4373 2454 4436; x_wconf 90' lang='lat' dir='ltr'><strong>esse,</strong></span> <span class='ocrx_word' id='word_1_290' title='bbox 2507 4356 2701 4421; x_wconf 84' lang='lat' dir='ltr'><strong>etiarn</strong></span> 
     </span>
     <span class='ocr_line' id='line_1_37' title="bbox 457 4460 2701 4543; baseline 0.002 -19"><span class='ocrx_word' id='word_1_291' title='bbox 457 4478 701 4524; x_wconf 82' lang='lat' dir='ltr'><strong>uxores</strong></span> <span class='ocrx_word' id='word_1_292' title='bbox 746 4460 1007 4541; x_wconf 88' lang='lat' dir='ltr'><strong>habere,</strong></span> <span class='ocrx_word' id='word_1_293' title='bbox 1056 4479 1179 4524; x_wconf 93' lang='lat' dir='ltr'><strong>nec</strong></span> <span class='ocrx_word' id='word_1_294' title='bbox 1225 4461 1290 4524; x_wconf 92' lang='lat' dir='ltr'><strong>in</strong></span> <span class='ocrx_word' id='word_1_295' title='bbox 1336 4462 1658 4542; x_wconf 86' lang='lat' dir='ltr'><strong>aliquibus</strong></span> <span class='ocrx_word' id='word_1_296' title='bbox 1689 4461 2068 4525; x_wconf 87' lang='lat' dir='ltr'><strong>huiusmodi</strong></span> <span class='ocrx_word' id='word_1_297' title='bbox 2113 4463 2391 4543; x_wconf 88' lang='lat' dir='ltr'><strong>negotiis</strong></span> <span class='ocrx_word' id='word_1_298' title='bbox 2434 4466 2701 4529; x_wconf 81' lang='lat' dir='ltr'><strong>easdem</strong></span> 
     </span>
     <span class='ocr_line' id='line_1_38' title="bbox 459 4567 2701 4653; baseline 0.001 -21"><span class='ocrx_word' id='word_1_299' title='bbox 459 4585 785 4650; x_wconf 88' lang='lat' dir='ltr'><strong>occupare</strong></span> <span class='ocrx_word' id='word_1_300' title='bbox 830 4567 1012 4632; x_wconf 90' lang='lat' dir='ltr'><strong>haud</strong></span> <span class='ocrx_word' id='word_1_301' title='bbox 1058 4569 1387 4632; x_wconf 88' lang='lat' dir='ltr'><strong>concernit</strong></span> <span class='ocrx_word' id='word_1_302' title='bbox 1434 4576 1499 4632; x_wconf 91' lang='lat' dir='ltr'><strong>et</strong></span> <span class='ocrx_word' id='word_1_303' title='bbox 1541 4569 1724 4632; x_wconf 89' lang='lat' dir='ltr'><strong>aliter</strong></span> <span class='ocrx_word' id='word_1_304' title='bbox 1769 4571 2088 4633; x_wconf 89' lang='lat' dir='ltr'><strong>sciremus</strong></span> <span class='ocrx_word' id='word_1_305' title='bbox 2133 4570 2216 4633; x_wconf 91' lang='lat' dir='ltr'><strong>de</strong></span> <span class='ocrx_word' id='word_1_306' title='bbox 2261 4572 2390 4635; x_wconf 91' lang='lat' dir='ltr'><strong>hoc</strong></span> <span class='ocrx_word' id='word_1_307' title='bbox 2435 4588 2701 4653; x_wconf 86' lang='lat' dir='ltr'><strong>respon-</strong></span> 
     </span>
    </p>
   </div>
   <div class='ocr_carea' id='block_1_6' title="bbox 567 4690 2486 4759">
    <p class='ocr_par' dir='ltr' id='par_1_6' title="bbox 567 4690 2486 4759">
     <span class='ocr_line' id='line_1_39' title="bbox 567 4690 2486 4759; baseline -0.003 -12"><span class='ocrx_word' id='word_1_308' title='bbox 567 4704 917 4759; x_wconf 58' lang='lat' dir='ltr'><strong>Mamur-azert&gt;</strong></span> <span class='ocrx_word' id='word_1_309' title='bbox 945 4704 1344 4748; x_wconf 66' lang='lat' dir='ltr'><strong>omekbttetesek</strong></span> <span class='ocrx_word' id='word_1_310' title='bbox 1372 4704 1673 4748; x_wconf 66' lang='lat' dir='ltr'><strong>okleveltfirn.</strong></span> <span class='ocrx_word' id='word_1_311' title='bbox 2421 4690 2486 4741; x_wconf 68' lang='lat'><strong>‘21</strong></span> 
     </span>
    </p>
   </div>
  </div>
 </body>
</html>
