3475 5200
1722 326 2113 379 ...340-

798 557 1085 613 castrum
1115 548 1334 627 ipsum
1355 545 2300 628 occupaturumffldeliterque
2333 545 2524 609 nobis
2556 553 2623 607 et
2654 545 2811 608 huic
2841 562 3030 626 regno

794 663 1203 718 seri-tamtum
1268 654 1579 735 promisit.
1648 653 1822 716 Cum
1886 653 2288 733 quoquidem
2352 651 2704 714 Francisco
2771 652 3032 715 Balassa

794 765 1002 825 taliter
1046 762 1395 843 superinde
1441 760 2010 839 concordavimus,
2060 760 2406 839 eidemque
2453 760 2517 821 in
2565 761 2769 822 verbo
2813 764 3059 823 nostro·

794 873 971 949 regio
1016 870 1457 951 promisimuS,
1497 869 1677 949 quod
1714 869 1883 931 infra
1930 870 2218 947 quinque
2266 867 2534 930 menses
2580 885 2623 929 a
2668 867 2829 951 feria
2855 876 3031 930 sexta

794 979 1091 1061 proxima
1136 985 1289 1057 post
1335 978 1578 1040 festum
1626 976 2045 1039 sacratissimi
2089 973 2384 1057 corporis
2441 973 2700 1052 Christi,
2757 976 3029 1039 crastino

794 1089 898 1149 die
950 1084 1239 1147 futurum
1287 1076 1624 1147 inclusive
1651 1084 2120 1163 computand0‚
2168 1084 2486 1145 banatum
2538 1082 2777 1162 ipsum.
2824 1089 2899 1145 et-
2933 1101 3030 1145 ca·

794 1201 1000 1257 etrum
1047 1192 1291 1273 Jaycza
1346 1208 1498 1253 cum
1547 1191 1858 1254 omnibus
1924 1191 2062 1253 aliis
2111 1190 2341 1253 castris
2391 1188 2477 1250 ad
2516 1190 2805 1252 eundem
2850 1190 3029 1269 perti·

794 1300 1099 1364 uentibus
1146 1300 1230 1364 de
1275 1299 1581 1386 manibus
1648 1298 1945 1361 eiusdem
2011 1297 2338 1359 Francisci
2403 1292 2683 1378 Balassy
2732 1296 3028 1376 occupari

798 1409 1138 1483 faeiemuS,
1187 1414 1252 1468 et
1276 1398 1585 1468 ⁴eundem
1643 1405 1724 1467 de
1789 1405 1897 1467 illo
1963 1404 2368 1484 excipiemus
2433 1411 2494 1465 et
2561 1403 3028 1489 eliberabimus,

794 1517 995 1577 immo
1043 1513 1481 1593 promittimus
1546 1513 1782 1574 harum
1846 1505 2221 1574 nostrarum
2278 1511 2499 1589 vigore
2556 1518 2621 1573 et
2668 1510 3030 1574 testimonio

794 1621 1119 1683 literarum
1168 1613 1530 1683 mediante.
1601 1619 1844 1681 Datum
1910 1615 2095 1680 Bude
2160 1619 2224 1679 in
2290 1617 2461 1680 sesto
2518 1619 2744 1686 sancti-
2793 1617 3029 1681 Urbani

794 1745 982 1809 pape,
1003 1745 1180 1790 anno
1211 1727 1455 1789 domini
1487 1727 1829 1790 millesimo
1851 1726 2370 1806 quingentesimo
2400 1725 2775 1803 tredecimo,
2806 1742 3030 1805 regno·

794 1853 934 1897 rum
1023 1842 1436 1916 nostrorum·
1482 1834 1817 1913 Hungarie
1910 1840 2031 1896 etc,
2117 1849 2296 1895 anno
2376 1833 2692 1913 vigesimo
2788 1839 3028 1913 quarm,

570 1929 774 1997 ΣΕ-
794 1941 1104 2005 Eehemie
1150 1960 1308 2005 vero
1358 1942 1864 2022 quadragesimo
1912 1948 2164 2020 quarto.

578 2005 770 2057 mlipffi.

1004 2099 1230 2165 Endon,
1267 2100 1438 2165 papir,
1463 2098 1604 2164 aljan
1627 2059 1933 2164 rinyomott
1968 2095 2152 2163 pecset
2176 2095 2549 2149 toredekeivel.
2577 2098 2649 2149 M.
2677 2097 2742 2149 N.
2772 2093 3029 2157 Muzeum‚

794 2193 842 2241 h,
886 2189 1177 2241 Halassacs.
1215 2188 1270 2241 lt.

1586 2485 1594 2492 ··
1691 2571 1694 2576 ἢ
1802 2475 2014 2568 cnm.
2058 2473 2062 2477 ·

1380 2707 1685 2771 Rakocza
1729 2706 1924 2787 va'ra,
1972 2706 2168 2771 1513.
2209 2705 2337 2790 flu.
2385 2707 2446 2771 5.

794 2865 966 2934 Ujlaiti
1003 2865 1226 2919 Lorincz
1280 2868 1508 2932 herczeg
1564 2867 1813 2918 Kanizsai
1854 2865 2042 2918 Laszlo
2081 2864 2290 2918 vasvari
2344 2864 2581 2933 soispint
2617 2867 2816 2918 tobbek
2862 2869 3034 2918 k626tt

794 2958 1099 3022 megkeresi,
1135 2958 1283 3021 hogy
1320 2971 1383 3007 az
1424 2954 1475 3017 ὅ,
1514 2974 1546 3007 a
1581 2958 1807 3021 herczeg
1842 2956 2149 3010 birtokairol
2187 2958 2390 3007 szedett
2420 2956 2564 3018 ad6t‚
2600 2958 2793 3021 melyet
2817 2955 3033 3007 nandor-

898 3043 1137 3112 sejervad
1174 3046 1381 3124 zsoldja
1401 3045 1625 3121 “fejeben
1670 3063 1702 3096 a
1737 3043 1905 3111 kinily
1942 3047 2060 3096 neki
2099 3048 2347 3109 engedett
2383 3042 2450 3111 xit,
2491 3046 2669 3111 kiildje
2707 3047 2756 3096 el
2792 3048 2929 3098 nolti.

1001 3226 1348 3308 Magnifice
1398 3227 1660 3290 domine
1707 3211 1915 3290 amice
1940 3227 2153 3290 *nobis
2192 3228 2594 3290 honorande.
2641 3219 2790 3309 Que
2823 3221 3035 3292 scribit

790 3346 854 3398 et
918 3336 1168 3398 intimat
1231 3334 1715 3415 magnificentia
1761 3343 1980 3397 vestra
2044 3335 2497 3414 intelleximus,
2551 3352 2671 3416 pro
2716 3353 2853 3415 quo
2901 3336 3034 3398 offi-

790 3444 984 3504 ciales
1031 3442 1231 3504 nostri
1264 3443 1503 3520 omnia,
1552 3450 1685 3504 tam
1720 3450 1923 3504 terras
1955 3443 2114 3519 illas,
2165 3460 2363 3522 quam
2393 3434 2593 3504 eti-am
2623 3430 2865 3521 senem,
2910 3433 3035 3523 que

790 3562 1004 3610 vestra
1035 3566 1077 3609 a
1111 3550 1304 3611 nobis
1350 3555 1532 3628 optat
1578 3549 2060 3628 magnificentia
2107 3556 2556 3629 exposuerunt
2579 3551 2813 3629 'nobiS‚
2865 3548 3033 3629 quod

786 3656 1111 3718 hereditas
1158 3663 1380 3744 nostra
1426 3657 1630 3719 extitit
1674 3675 1715 3717 a
1762 3657 1870 3736 pio
1907 3655 2197 3735 genitore
2230 3663 2455 3719 nostro
2489 3657 2681 3719 nobis
2706 3659 3033 3733 devoluta,

790 3781 987 3842 quere
1020 3762 1243 3825 omnia
1271 3770 1335 3825 et
1365 3762 1621 3842 singula
1666 3780 1926 3842 queque
1974 3764 2040 3825 in
2083 3780 2208 3826 nos
2235 3783 2274 3825 a
2305 3764 2558 3843 prefato
2604 3772 2786 3845 patre
2816 3773 3035 3826 nostro

790 3871 1312 3934 condescendere
1377 3871 1555 3933 iuxta
1617 3888 1815 3951 posse
1865 3878 2160 3932 nostrum
2209 3871 2667 3934 rationabiliter
2709 3878 2933 3934 tenere
2978 3876 3037 3933 et

786 3978 1120 4058 possidere
1184 3978 1310 4041 deo
1358 3978 1527 4040 duce
1573 3979 1870 4056 velimus,
1930 3997 2052 4042 nec
2116 3979 2220 4041 illa
2284 3979 2653 4060 dispergere
2703 3978 3034 4059 cupimus.

786 4084 894 4150 Uti
946 4086 1117 4166 regia
1161 4085 1472 4148 maiestas
1517 4093 1581 4147 et
1627 4104 1904 4166 regnum
1949 4087 2079 4150 hoc
2125 4088 2316 4150 nobis
2362 4104 2497 4163 non
2535 4086 2827 4164 imputet,
2862 4084 3037 4165 quod
3121 4108 3130 4113 ·

786 4193 1204 4256 hereditatem
1275 4201 1572 4256 <nostram
1643 4202 1977 4274 superstes
2048 4197 2363 4272 delemus,
2439 4192 2676 4256 idcirco
2751 4201 3035 4254 vestram

786 4318 1095 4378 regemus
1137 4301 1686 4380 magnificentiam
1719 4303 1952 4363 harum
1985 4302 2170 4378 serie,
2218 4302 2526 4381 quatinus
2573 4301 2762 4362 nobis
2808 4301 2875 4363 in
2922 4300 3038 4363 illis

786 4410 966 4469 terris
1013 4416 1074 4469 et
1124 4409 1353 4471 ferietis
1402 4410 1760 4488 ceterisque
1807 4408 1998 4471 bonis
2045 4409 2284 4471 nostris
2314 4408 2723 4487 tranquillam
2755 4408 3037 4487 quietem

782 4507 1058 4576 tribuere
1104 4516 1274 4594 velit,
1322 4516 1477 4595 quin
1520 4517 1999 4596 magnificentie
2031 4499 2243 4579 vestre
2276 4515 2382 4578 illa
2411 4499 2589 4578 bona
2619 4533 3036 4596 nequaquam

2969 5107 2997 5157 ;·
3030 5089 3153 5157 Les!
