3475 5200
1690 275 2084 330 ...310-

1729 493 2049 558 CDXXV.

1453 707 1670 787 Euda,
1716 706 1915 773 1503.
1966 706 2210 773 marca,
2260 708 2322 773 1.

766 885 822 937 IL
866 885 1074 937 [51:55sz
1130 883 1298 950 kirdly
1353 887 1668 951 meghagyja
1723 884 1971 937 Kanizsai
2027 885 2246 951 Gyiirgy
2302 882 2747 949 nandorfejervari
2785 882 3011 949 bannak,

766 977 910 1041 hog?
966 972 1162 1025 miutfin
1199 988 1231 1026 a
1267 972 1371 1026 bau
1411 974 1458 1027 is
1505 976 1692 1041 egyike
1749 977 2007 1036 uolutat,
2063 976 2151 1026 kik
2202 989 2235 1025 a
2288 975 2442 1026 tbi-ok
2498 975 2651 1026 eueni
2705 972 3012 1025 tamadzisok

766 1065 914 1113 mintt
950 1077 1010 1113 az
1050 1062 1244 1130 nrszig
1278 1065 1553 1130 nagyjairn
1587 1065 1807 1115 kivebtt
1843 1062 2048 1130 sege'lyt
2083 1065 2150 1115 be
2187 1075 2308 1115 nem
2364 1062 2748 1129 nolgffltaufik,
2786 1079 2818 1114 ι
2851 1066 3013 1129 μνεί-

766 1157 866 1201 nak
910 1151 1297 1206 fissan-asae:
1335 1151 1764 1219 mogaddmtfiu
1819 1152 1998 1219 v⁶30tt
2051 1153 2312 1205 kikffldw
2366 1151 2550 1220 kirfilyi
2604 1154 3014 1219 megbizottaknt

1432 1240 1827 1307 munkajukban
1865 1258 1933 1293 ne
1971 1241 2346 1309 akadfflyozza.

1785 1423 2178 1489 Commissio
2226 1425 2484 1505 propria
2531 1425 2775 1487 domini
2823 1427 3007 1505 regis,

1094 1545 1490 1613 Wladislaus
1538 1550 1640 1612 dei
1687 1551 1894 1630 gratia
1939 1568 2052 1612 rex

1094 1657 1428 1737 Hungarie
1458 1666 1523 1720 et
1554 1657 1866 1720 Bohemie
1899 1664 2038 1720 etc.-

986 1780 1330 1862 Magnifice
1363 1781 1569 1846 fidelis
1601 1784 1793 1846 nobis
1823 1782 2068 1845 dilecte.
2105 1781 2362 1846 Crebris
2394 1782 2522 1845 iam
2553 1782 2746 1846 literis
2777 1782 3013 1845 nostris

774 1893 1150 1969 scripsimus
1196 1897 1262 1952 et
1316 1891 1776 1953 mandavimus
1841 1891 2029 1953 certis
2095 1890 2510 1953 comitatibus
2574 1891 2774 1953 huius
2839 1890 3013 1972 regni

774 2001 994 2073 nostri,
1042 1998 1150 2077 qui
1198 1999 1545 2079 hucusque
1592 2016 1864 2079 presens
1911 2005 2208 2061 nostrum
2274 1998 2640 2061 subsidium
2697 1998 2778 2060 de
2826 1998 3015 2060 bonis

774 2125 1001 2169 eorum.
1050 2106 1384 2196 extradare
1432 2113 1833 2184 recusarunt,
1883 2112 1955 2167 ut
2002 2106 2155 2168 illud
2209 2107 2425 2187 ipsum
2493 2104 2858 2168 subsidium
2905 2121 3017 2184 per

774 2217 1115 2277 universos
1161 2213 1465 2275 dominos
1512 2214 1796 2294 prelatos
1842 2222 1906 2277 et
1952 2215 2234 2276 barones
2281 2232 2359 2275 ac
2406 2213 2748 2276 universos
2811 2210 3014 2291 regni-

774 2321 954 2381 colas
982 2321 1177 2384 huius
1224 2321 1400 2401 regni
1425 2322 1626 2383 nostri
1651 2320 1842 2383 nobis
1866 2338 1984 2401 pro
2016 2321 2427 2402 negotiorum
2458 2329 2521 2383 et
2554 2320 3013 2382 necessitatum

774 2429 1066 2489 eiusdem
1132 2427 1540 2508 expeditione
1604 2434 1677 2489 ut
1740 2429 1872 2491 scis
1940 2428 2254 2504 oblatum,
2322 2428 2511 2490 cuius
2579 2426 3012 2489 exolutionem

774 2537 1074 2597 homines
1121 2541 1186 2598 et
1232 2534 1552 2599 dicatores
1598 2535 1801 2599 nostri
1839 2552 1955 2617 per
1990 2552 2116 2598 nos
2148 2534 2232 2596 ad
2266 2535 2612 2596 comitatus
2644 2534 2788 2596 illos
2816 2532 3012 2610 missi,

774 2641 1018 2701 diutius
1074 2641 1198 2704 iam
1247 2643 1386 2705 istic
1434 2650 1877 2724 expectantes,
1925 2661 2163 2724 graves
2209 2642 2624 2722 usquemodo
2690 2657 3016 2721 expensas

778 2749 838 2810 in
910 2749 1270 2830 dampnum
1339 2758 1636 2814 nostrum
1706 2751 1919 2813 facere
1990 2752 2196 2813 coacti
2267 2758 2440 2828 sunt,
2517 2750 2891 2811 exolverent
2957 2754 3018 2809 et

782 2858 1207 2934 affirmarent,
1255 2858 1373 2939 ipsi
1429 2876 1586 2921 vero
1653 2859 2001 2921 comitatus
2047 2865 2110 2922 et
2154 2857 2492 2939 presertim
2555 2857 2809 2920 nobiles
2873 2874 3018 2919 sese

782 2966 970 3026 nubis
1018 2982 1094 3026 ae
1141 2965 1466 3028 mandatis
1513 2967 1752 3028 nostris
1811 2965 1929 3028 sed
1975 2974 2040 3029 et
2086 2966 2471 3030 ordinationi
2535 2966 2832 3028 omnium
2880 2982 3015 3046 pre-

778 3074 1058 3134 fatorum
1090 3072 1500 3136 dominorum
1534 3081 1596 3136 et
1629 3074 2121 3153 regnicolarum,
2153 3074 2256 3135 cui
2287 3081 2359 3136 tu
2391 3072 2748 3151 interfuisti,
2780 3078 3019 3135 temere

782 3186 1188 3258 opponentes
1233 3180 1738 3260 huiusmodique
1786 3181 2026 3244 nostris
2072 3180 2440 3243 creber-imis
2495 3180 3020 3260 requisitionibus

782 3286 1199 3366 refragantes,
1245 3287 1673 3368 prescriptum
1721 3286 2086 3351 subsidium
2137 3289 2219 3350 de
2247 3288 2438 3351 bonis
2484 3306 2714 3351 eorum
2759 3287 3021 3349 minime

782 3394 1078 3455 exolvere
1127 3400 1452 3471 curarunt,
1487 3412 1620 3457 non
1654 3394 2142 3457 considerantes
2170 3395 2254 3456 ad
2288 3403 2568 3478 quantas
2601 3395 3022 3457 necessitates

786 3502 978 3562 huius
1026 3501 1200 3580 regni
1248 3501 1402 3564 illud
1448 3503 1641 3565 nobis
1688 3501 1916 3565 datum
1965 3510 2084 3579 est,
2133 3520 2257 3564 nec
2301 3501 2741 3583 ponderantes
2780 3508 3022 3581 quanta
3079 3498 3085 3505 ’

786 3610 1066 3686 pericula»
1102 3624 1186 3671 ex
1216 3609 1344 3672 hoc
1389 3610 1725 3689 presertim
1774 3610 1943 3672 circa
1989 3616 2272 3672 castrum
2320 3609 2584 3692 Jaycza,
2626 3609 2729 3671 cui
2763 3608 2844 3671 de
2875 3608 3022 3672 sub-

782 3714 942 3778 5idic·
994 3718 1240 3778 illorum
1282 3717 1706 3780 comitatuum
1743 3716 2060 3797 provideri
2095 3716 2375 3795 deberet,
2428 3717 2684 3779 evenire
2732 3721 3023 3797 possent.

786 3822 1193 3902 Quapropter
1237 3842 1382 3902 nos,
1429 3831 1780 3904 postquam
1829 3823 1949 3905 ipsi
1996 3830 2092 3886 tot
2138 3832 2201 3886 et
2248 3830 2576 3886 tantorum
2615 3806 3023 3902 negotiorum

786 3934 982 4010 regni,
1018 3947 1143 4010 que
1172 3931 1299 3993 iam
1331 3930 1490 3993 satis
1523 3949 1852 4012 superque
1891 3931 2139 3993 eisdem
2172 3933 2430 4012 cognita
2461 3931 2771 4009 existunt,
2804 3938 3026 4010 totque

786 4038 1322 4102 commissionum
1380 4045 1750 4102 nostrarum
1798 4046 1860 4101 et
1921 4039 2399 4102 ordinationum
2466 4039 2761 4101 omnium
2824 4039 3025 4119 regni·

786 4150 1074 4206 cularum
1122 4147 1368 4209 nullam
1408 4145 1723 4209 rationem
1757 4146 1998 4209 habere
2025 4147 2257 4208 volunt
2288 4152 2352 4208 et
2384 4145 2692 4208 continue-
2742 4164 2815 4209 se
2839 4144 3028 4208 nobis

786 4254 846 4314 in
898 4254 1188 4316 iniuriam
1235 4254 1427 4316 etiam
1476 4254 1761 4316 universi
1809 4254 2006 4333 regni,
2056 4253 2235 4334 quod
2280 4253 2408 4315 iam
2439 4253 2634 4316 nobis
2664 4253 3027 4316 subsidium

790 4362 1006 4438 :ipsun-1
1054 4360 1258 4423 libens
1303 4362 1645 4442 persolvit,
1678 4362 1768 4423 ita
1810 4368 2052 4424 temere
2099 4369 2163 4423 et
2195 4361 2523 4424 obstinate
2586 4374 2922 4442 opponere
2950 4366 3030 4421 et

786 4466 1166 4530 ordinationi
1231 4469 1724 4547 regnicolarum⁴
1781 4469 2226 4531 contravenire
2292 4469 2560 4552 audent,
2624 4467 3033 4531 decrevimus
