3475 5200
1720 313 2075 366 ...43-

1821 531 1974 594 CIII.

1480 719 1695 800 Euda,
1746 726 1941 790 1407.
1981 727 2133 809 jaein.
2183 734 2289 797 30.

761 864 1046 929 Zsigmond
1093 871 1260 937 kiriily
1308 874 1544 927 Wlkasin
1595 883 1748 931 szerb
1797 884 1960 952 kiraly
2006 888 2195 955 fianak,
2244 895 2484 949 Demeter
2532 901 2849 967 vuagosvari
2899 908 3018 960 var·

757 960 1018 1020 nagynak,
1046 976 1076 1009 a
1103 963 1154 1011 ki
1180 961 1332 1014 nebai
1373 966 1633 1019 Losonczi
1671 971 1846 1023 Istvan
1883 974 1988 1028 blm
2026 979 2313 1046 Zsigmond
2352 985 2524 1040 fianak
2563 992 2830 1045 Pankotha
2869 997 3015 1048 nevt‘i

754 1044 995 1098 birtokan
1022 1049 1301 1103 er6szakot
1326 1056 1559 1108 kovetett
1583 1060 1647 1122 el,
1675 1065 2005 1129 meghagyja,
2032 1070 2179 1135 hogy
2198 1088 2230 1122 a
2249 1073 2467 1127 tovabbi
2494 1080 2749 1133 rablassal
2773 1085 3014 1152 hagyjon

843 1135 919 1187 fol
957 1139 1132 1204 addig‚
1171 1137 1278 1207 mig
1314 1160 1345 1193 a
1383 1144 1604 1198 taborba
1640 1150 1892 1218 szallnak,
1931 1172 1962 1205 a
1998 1159 2086 1209 hol
2127 1161 2402 1229 igazsagot
2442 1172 2596 1220 teend
2636 1173 2907 1227 kozottiik.

1607 1331 1850 1398 Relatio
1908 1335 2218 1418 Symonis
2268 1345 2373 1410 filii
2422 1353 2706 1416 condam
2757 1353 2908 1420 bani

1737 1445 2023 1524 magistri
2083 1450 2439 1527 janitorum
2520 1463 2853 1541 regalium.

959 1567 1421 1649 Sigismundus
1464 1581 1564 1643 dei
1602 1586 1807 1662 gratia
1846 1606 1959 1650 rex
1994 1591 2325 1674 Hungarie
2368 1601 2685 1668 Dalmatie
2739 1607 2999 1676 Ctoatie

741 1681 859 1735 etc.
906 1679 1328 1762 marchioque
1381 1685 2026 1773 Brandenburgensis
2070 1708 2190 1764 etc.
2234 1710 2399 1770 sacri
2451 1716 2701 1775 romani
2746 1716 2991 1796 imperii

738 1782 1018 1846 vicarius
1063 1791 1382 1865 generalis
1429 1802 1493 1855 et
1541 1800 1716 1876 regni
1771 1802 2080 1868 Bohemie
2137 1812 2552 1890 gubernator.
2612 1817 2808 1884 Fideli
2859 1843 2987 1889 suo

733 1890 873 1951 viro
937 1895 1284 1972 magnifico
1343 1917 1420 1961 ac
1482 1908 1814 1981 spectabili
1864 1911 2191 1980 Demetrio
2253 1920 2382 1985 filio
2436 1925 2752 1991 Wlkasini
2814 1935 2983 2012 regis

734 1998 1090 2063 castellano
1138 2002 1219 2064 de
1267 2004 1707 2086 Wilaguswar
1755 2025 1818 2077 et
1873 2022 2090 2086 comiti
2159 2030 2509 2095 comitatus
2574 2037 2655 2097 de
2722 2038 2980 2103 Zarand

731 2103 1009 2167 salutem
1036 2113 1409 2188 etgratiam.
1448 2116 1658 2181 Refert
1687 2126 2011 2203 majestati
2046 2142 2266 2196 nostre
2300 2136 2506 2201 fidelis
2538 2152 2761 2205 noster
2779 2143 2979 2225 Sigis-

729 2214 1018 2275 mundus
1071 2216 1242 2279 filius
1286 2223 1564 2286 condam
1609 2227 1882 2294 Ladislai
1925 2235 2074 2300 bani
2110 2241 2193 2302 de
2226 2241 2581 2309 Lochonch
2613 2254 2790 2329 gravi
2824 2271 2976 2317 cum

727 2322 1009 2398 querela,
1055 2328 1389 2402 quomodo
1423 2331 1543 2392 hiis
1575 2339 1868 2412 proxime
1908 2348 2219 2421 preteritis
2253 2349 2485 2416 diebus
2514 2373 2657 2436 vos,
2692 2362 2979 2432 nescitur

725 2443 856 2501 quo
904 2429 1078 2492 ducti
1128 2442 1309 2495 motu
1345 2437 1426 2498 de
1459 2446 1882 2517 possessione
1931 2452 2137 2529 ipsius
2186 2456 2525 2524 Pankatha
2572 2476 2830 2546 vocata,
2856 2470 2971 2532 du-

723 2542 911 2593 centa
969 2543 1030 2598 et
1063 2539 1280 2619 viginti
1321 2552 1600 2622 quatuor
1646 2569 1902 2632 pecora,
1938 2560 2234 2626 videlicet
2283 2567 2488 2632 boves
2519 2582 2582 2635 et
2613 2592 2852 2639 vaccas
2889 2598 2969 2641 ac

720 2656 959 2704 novem
1038 2663 1244 2724 equos
1322 2652 1548 2731 depelli
1622 2658 1921 2728 faciendo
1991 2671 2226 2734 auferri
2294 2675 2612 2743 fecissetis
2679 2688 2965 2764 potentia

722 2748 1060 2814 mediante.
1112 2753 1585 2825 Nichilominus
1614 2768 1700 2828 ad
1732 2775 2213 2849 requisitionem
2248 2798 2531 2857 vestram
2574 2800 2637 2862 in
2679 2812 2962 2874 exercitu

717 2863 940 2919 nostro
987 2861 1175 2923 vobis
1223 2870 1284 2926 et
1316 2866 1487 2931 dicto
1536 2870 1957 2952 Sigismundo
2004 2897 2428 2964 personaliter
2472 2915 2953 2989 apparentibus,
