3475 5200
1759 316 2147 370 -314—

834 537 970 597 suis
1015 537 1411 617 presentium
1461 536 1931 601 exhibitoribus
1976 539 2040 600 in
2088 536 2335 617 prefata
2382 552 2641 599 camera
2698 535 3082 615 Zegediensi

834 645 1013 705 iuxta
1076 650 1384 706 contenta
1449 644 1732 724 priorum
1801 645 2126 707 literarum
2199 649 2565 707 nostrarum
2630 649 2703 705 ut
2766 642 3090 722 prefertur

834 749 1180 829 superinde
1225 751 1311 813 ad
1356 768 1484 813 vos
1528 751 1828 814 datarum
1875 752 1961 813 ad
2006 752 2319 814 rationem
2381 750 2658 813 curastis
2703 749 2972 811 reddere
3016 756 3087 811 et

838 858 1166 921 restituere
1211 858 1419 920 velitis
1451 865 1515 920 et
1546 858 1859 936 debeatiS,
1891 859 2067 920 aliud
2115 856 2492 921 nuilomodo
2539 855 2811 935 faciatis,
2845 863 2910 919 et
2945 874 3084 936 pre·

834 977 1053 1029 sentes
1100 982 1389 1027 unacum
1439 964 1685 1028 eisdem
1752 965 2072 1046 prioribus
2135 965 2330 1027 literis
2377 964 2614 1026 nostris
2683 981 2802 1044 pro
2864 970 3084 1026 vestra

658 1137 758 1177 lm!
834 1072 1250 1153 expeditione
1290 1072 1653 1135 reservetis,
1720 1072 1963 1134 Datum
2028 1072 2209 1133 Bude
2275 1072 2431 1134 feria
2495 1072 2719 1151 quinta
2787 1071 3084 1151 proxima

602 1189 984 1261 m3f2,21,pest
1030 1179 1424 1242 dominicam
1471 1180 1697 1241 Letare
1744 1197 1920 1241 anno
1967 1181 2209 1242 domini
2257 1187 2375 1242 ete.
2436 1178 2623 1241 1504.

926 1368 1261 1429 „Iohannes
1307 1367 1731 1431 Bornemizza
1924 1367 2260 1429 Johannes
2309 1366 2731 1429 Bornemizza
2776 1366 2997 1445 regius

942 1475 1156 1553 regius
1202 1474 1661 1537 thesaurarius.
1956 1474 2399 1537 thesaurarius
2443 1491 2648 1536 manu
2694 1473 2971 1553 propria.

1125 1599 1510 1663 Restituatis
1558 1600 2041 1679 quamprimum
2089 1601 2262 1662 sales
2308 1599 2733 1691 advenerunt.

1046 1794 1287 1857 Kivu‘l:
1337 1795 1631 1875 Egregiis
1678 1796 1949 1859 Nicolao
1996 1796 2076 1859 de
2128 1796 2388 1859 Herend
2435 1802 2499 1858 et
2529 1794 2789 1857 Andree
2834 1795 3084 1857 literato

838 1903 1203 1964 camerariis
1250 1903 1484 1965 salium
1533 1920 1789 1966 camere
1835 1903 2252 1982 Zegediensis
2300 1902 2488 1965 nobis
2536 1901 2801 1965 dilectis.

1045 2086 1265 2149 Eredeti,
1303 2067 1483 2152 papirs
1508 2085 1736 2138 zei-latim
1773 2084 1956 2153 pecset
1991 2088 2306 2153 nyomaival.
2337 2087 2406 2137 Μ.
2435 2087 2499 2138 Ο.
2528 2088 2588 2138 D.
2610 2088 2668 2139 L.
2697 2087 2890 2138 25430.
2910 2101 2989 2137 sz.
3015 2111 3082 2123 -

834 2177 1200 2241 Ufflranannak
1247 2174 1464 2241 maskep
1522 2179 1860 2242 szovegezett
1917 2177 2125 2227 kelettel
2164 2203 2231 2213 -—
2271 2177 2399 2228 feria
2453 2177 2635 2241 quinta
2690 2178 2929 2240 proxima
2966 2179 3085 2225 ante

834 2268 1148 2317 dominicam
1203 2265 1388 2317 Judica
1426 2293 1494 2301 —
1532 2265 1590 2316 es
1636 2264 1861 2317 reszben
1917 2264 2077 2317 elterd
2128 2267 2416 2330 szdveggel
2471 2262 2539 2316 irt
2591 2264 2886 2315 masodlata
2943 2280 2992 2315 u.
3032 2280 3085 2314 ο.

838 2357 1027 2406 25431.
1066 2370 1144 2406 sz.

1783 2645 2128 2708 CDXXIX.

1349 2855 1964 2953 Ndndorfejdrvdr‚
2012 2856 2209 2922 1504.
2259 2857 2410 2940 dpr.
2456 2857 2564 2922 28.

842 3038 1074 3093 Hnwdth
1110 3038 1199 3092 Pin
1236 3040 1679 3108 nandorsejervari
1717 3041 1872 3094 alban
1909 3044 2154 3096 Kanizsai
2179 3046 2399 3111 Gyergy
2424 3043 2877 3110 nandorsejervfisi
2907 3041 3084 3099 bantdt

1211 3141 1472 3206 bizonyos
1508 3139 1712 3206 penzek
1750 3139 1810 3192 es
1849 3140 2097 3194 fizetesek
2134 3142 2551 3196 visszafizeteset
2585 3141 2710 3195 ket-i.

1050 3339 1398 3419 Magnifice
1465 3339 1727 3402 domine
1793 3341 1881 3404 mi
1949 3341 2296 3421 plurimum
2361 3360 2701 3422 generose.
2750 3343 2911 3406 Post
2959 3361 3080 3405 ser·

838 3458 1140 3520 vitiorum
1159 3462 1530 3519 nostrorum
1551 3457 2174 3520 recommissionem.
2198 3458 2466 3520 Noverit
2490 3458 2743 3536 eadem,
2769 3476 2878 3521 me
2911 3459 3085 3521 iuxta

842 3572 1171 3632 litteralem
1205 3571 1589 3635 mandatum
1624 3579 1841 3635 vestre
1877 3573 2356 3652 magnificentie
2404 3575 2469 3637 in
2502 3575 2811 3638 omnibus
2845 3576 3082 3654 causiS,

842 3686 1056 3748 litibus
1103 3693 1166 3748 et
1214 3688 1630 3766 querimoniis
1687 3689 1924 3751 civium
1990 3687 2629 3755 Nandoralbensium
2676 3690 2931 3772 pridem
2977 3694 3082 3755 ad-

842 3821 1073 3865 versus
1137 3810 1424 3866 vestram
1488 3805 2041 3884 magnificentiam
2109 3807 2349 3869 exortis
2413 3807 2640 3873 frivole
2690 3815 2755 3871 et
2801 3808 2935 3870 iam
2980 3808 3084 3870 ali-

846 3920 1228 3998 quantulum
1261 3919 1647 3983 diventilatis
1679 3927 1743 3982 et
1775 3921 2202 3984 existentibus
2230 3941 2454 3986 coram
2496 3924 2756 4004 egregio
2787 3923 3085 3988 Johanne

843 4034 1088 4114 Polyak
1116 4035 1373 4097 arbitrio
1403 4034 1580 4114 regio
1604 4053 1687 4097 ac
1713 4036 1902 4098 Petro
1925 4036 2279 4119 Waryasy,
2324 4038 2786 4102 Bartholomeo
2819 4038 3086 4119 Fygedi'f

846 4150 1168 4213 nobilibus
1216 4152 1563 4213 comitatus
1610 4152 1990 4215 Baehiensis
2036 4159 2099 4214 et
2143 4155 2425 4234 plebano
2471 4155 2554 4216 de
2612 4153 2933 4234 Kapwch,
2982 4155 3084 4234 qui

846 4282 997 4326 eum
1061 4265 1294 4329 eodem
1352 4267 1652 4329 Johanne
1716 4267 1964 4347 Polyak
2028 4268 2111 4329 ad
2176 4269 2656 4332 discutiendum
2723 4268 3084 4333 discernen-

846 4382 1132 4458 dumque
1181 4389 1243 4444 et
1289 4382 1710 4446 iudicandum
1759 4384 1899 4463 ipsa
1944 4385 2094 4462 litia,
2131 4403 2332 4447 causa
2364 4394 2428 4449 et
2459 4386 2867 4466 querimonia
2895 4403 3085 4449 vene·

846 4501 988 4555 rant
1032 4513 1320 4559 unacum
1369 4497 1571 4561 Paulo
1618 4499 1699 4560 de
1749 4497 1995 4579 Sythke
2024 4517 2102 4561 ac
2133 4501 2274 4563 aliis
2305 4503 2636 4566 nonnullis
2667 4503 3088 4566 familiaribus

3039 5150 3058 5151 ἶ
3076 5105 3322 5151 ⁷23⁹)ss
