3475 5200
1354 403 1746 458 -353-

1390 607 1718 687 coLxm.

1113 764 1352 842 Benna,
1402 763 1599 830 1521.
1647 772 1841 849 sapt.
1890 765 1998 832 13.

425 889 639 948 Bathori
674 890 882 943 Andrfis
919 888 1249 941 testverehez
1284 889 1464 942 lstvim
1519 888 1809 942 nadorhoz.
1867 878 2120 942 Atti-nandi
2158 889 2325 943 Paltol
2357 889 2674 956 ertesiilve'n,

425 964 572 1029 hogy
597 979 630 1014 a
652 960 823 1014 nidor
847 961 1116 1027 hajoknak
1139 958 1333 1027 hijaval
1358 977 1478 1023 van,
1501 959 1587 1012 ket
1612 963 1849 1027 kompot,
1869 964 2060 1028 nyolcz
2085 963 2234 1026 hajot
2256 961 2316 1015 63
2342 977 2448 1029 egy
2474 962 2675 1029 §gyuk-

426 1035 514 1086 knl
547 1035 818 1086 solszerelt
850 1033 1000 1100 hajot
1034 1034 1159 1085 kiild
1196 1035 1336 1086 neki.
1375 1031 1796 1085 Rendelkezeset
1832 1032 1957 1097 keri,
1994 1036 2142 1100 hogy
2180 1031 2376 1087 m1t6v6
2399 1036 2588 1100 legyen
2614 1035 2676 1088 es

852 1107 1000 1171 hogy
1033 1121 1069 1156 a
1103 1103 1224 1157 nala
1258 1103 1379 1156 levo'
1416 1104 1798 1171 katonasaggal
1832 1106 2003 1157 mihez
2041 1106 2247 1173 logion.

642 1224 1026 1306 Spectabilis
1074 1233 1137 1288 et
1175 1225 1524 1305 magnifice
1570 1226 1835 1288 domine
1866 1226 2192 1308 fraterque
2219 1224 2412 1290 nobis
2446 1226 2677 1291 'obser-

427 1332 845 1396 vandissime.
895 1332 1053 1396 Post
1106 1333 1387 1396 salutem
1451 1331 1995 1414 servitiorumque
2058 1340 2433 1397 nostrorum
2497 1351 2677 1398 com·

429 1439 934 1502 mendationem.
969 1439 1113 1502 Hac
1139 1440 1370 1502 eadem
1399 1440 1560 1503 hora
1583 1439 1830 1504 Paulus
1860 1441 2178 1504 Arthandi
2201 1440 2334 1504 huc
2356 1441 2442 1503 ad
2466 1441 2677 1504 Batha

427 1546 718 1627 pervenit
737 1547 1078 1627 retulitque
1097 1546 1289 1610 nobis
1315 1546 1740 1626 spectabilem
1762 1553 1827 1609 et
1854 1547 2275 1628 magnificam
2295 1548 2679 1612 dominatio·

430 1671 583 1716 nem
626 1660 915 1717 vestram
961 1653 1243 1717 navibus
1289 1653 1377 1717 ad
1421 1653 1598 1716 vada
1627 1654 1898 1718 nimium
1933 1654 2237 1735 indigere,
2281 1673 2414 1735 qua
2457 1654 2681 1718 audita

429 1777 589 1824 mox
613 1760 747 1825 duo
776 1762 1050 1842 kompth
1075 1768 1140 1824 et
1169 1768 1321 1824 octo
1347 1760 1822 1825 vadimoniales
1844 1779 2052 1825 naves
2069 1769 2135 1824 et
2165 1780 2369 1825 unam
2406 1763 2680 1844 ingeniis

429 1867 934 1948 bombardisque
954 1885 1107 1932 cum
1127 1868 1434 1940 omnibus
1453 1866 1803 1934 attinentiis
1818 1876 2128 1932 oneratas
2145 1869 2483 1947 solvimus,
2495 1870 2679 1933 bom-

430 1974 800 2038 bardan'um
832 1993 1097 2055 quoque
1129 1975 1580 2055 expedivimus
1610 1981 1675 2037 et
1705 1992 1997 2040 unacum
2027 1975 2188 2056 ipsis
2217 1977 2498 2041 navibus
2520 1993 2681 2042 mox

431 2079 830 2144 demisimus.
879 2082 1286 2145 Putabamus
1329 2082 1688 2162 prophecto
1735 2089 1809 2144 ut
1849 2099 2056 2146 naves
2096 2088 2161 2146 et
2188 2081 2468 2164 ingenia,
2512 2100 2683 2164 quas

432 2195 627 2250 antea
649 2188 781 2250 diw
812 2189 1311 2270 expedieramus
1335 2188 1521 2251 Bude
1551 2189 1874 2252 hactenus
1914 2190 1999 2252 ad
2031 2190 2310 2252 eandem
2352 2191 2680 2270 pervenis-

433 2303 599 2374 sent,
621 2296 860 2375 quibus
880 2297 1190 2377 neglectis
1213 2314 1389 2360 nunc
1408 2296 1566 2360 istas
1589 2296 1953 2361 dimisimus
1985 2298 2038 2359 si
2063 2305 2285 2359 autern
2311 2297 2683 2377 spectabilis

431 2410 497 2466 et
514 2404 864 2483 magnifica
892 2403 1249 2467 dominatio
1266 2412 1486 2467 vestra
1503 2403 1798 2485 pluribus
1826 2421 1898 2467 se
1928 2404 2212 2485 indigere
2251 2405 2682 2483 arbitrabitur,

432 2527 548 2591 per
566 2511 841 2574 celerem
854 2512 1155 2574 nuntium
1168 2503 1495 2574 certificati
1506 2512 1726 2591 plures
1747 2511 2042 2574 ordinare
2062 2518 2128 2574 et
2145 2510 2479 2575 demittere
2497 2513 2680 2575 volu-

435 2637 604 2682 mus.
653 2619 932 2682 Proinde
978 2636 1291 2701 rogamus
1331 2618 1611 2682 eandem
1642 2626 1716 2681 ut
1748 2620 1939 2683 nobis
1970 2619 2280 2683 rescribat
2323 2628 2390 2684 et
2433 2620 2682 2683 intimet

432 2726 587 2805 quid
637 2744 764 2791 nos
807 2727 1026 2791 facere
1071 2728 1245 2805 velit,
1309 2743 1531 2809 quove
1576 2726 1803 2790 ordine
1860 2735 2121 2793 nosmet
2185 2745 2677 2793 conservemus,

435 2834 732 2897 Preterea
778 2835 1099 2915 significet
1143 2835 1340 2899 etiam
1395 2835 1450 2897 si
1503 2835 1755 2914 equites
1800 2841 2066 2899 nostros
2129 2836 2378 2898 mittere
2424 2836 2512 2899 ad
2558 2852 2686 2898 nos

434 2943 728 3019 voluerit,
771 2960 941 3022 quos
971 2949 1045 3005 ut
1074 2944 1283 3006 mittat
1310 2941 1542 3004 iterum
1574 2941 1815 3004 obnixe
1846 2958 2182 3021 rogamus.
2229 2942 2569 3006 Postremo
2599 2943 2680 3004 de

434 3050 833 3113 novitatibus
863 3032 1057 3113 etiam
1079 3067 1206 3114 nos
1226 3049 1529 3113 certiores
1554 3048 1749 3112 faciat
1778 3067 2111 3129 rogamus.
2137 3048 2422 3112 Demum
2450 3049 2682 3111 eadem

435 3158 807 3238 spectabilis
854 3164 919 3220 et
967 3156 1318 3238 magnifica
1366 3156 1723 3220 dominatio
1770 3165 1991 3218 vestra
2039 3156 2291 3218 interim
2335 3172 2685 3235 quousque

434 3264 693 3344 ingenia
724 3264 872 3327 illuc
900 3264 1330 3345 pervenerint,
1356 3281 1566 3343 equos
1597 3264 1682 3326 ad
1713 3264 2069 3327 trahendas
2089 3261 2488 3325 bombardas
2518 3262 2683 3325 ordi-

436 3389 577 3450 nes,
624 3379 1018 3454 portumque
1048 3372 1207 3453 ipsis
1238 3372 1518 3435 navibus
1548 3389 1682 3451 quo
1713 3372 2038 3452 applicent
2068 3369 2333 3435 indicari
2375 3370 2585 3447 faciat,
2621 3375 2686 3430 et

436 3479 618 3561 quod
662 3481 894 3544 melius
939 3488 1171 3560 agatur
1219 3480 1471 3542 diwrno
1538 3480 1761 3542 itinere
1805 3496 2010 3541 unam
2056 3496 2256 3541 suurn
2306 3478 2684 3541 servitorem

437 3587 717 3652 navibus
735 3588 999 3652 obviam
1027 3588 1325 3665 destinet,
1357 3587 1468 3667 qui
1499 3582 1793 3653 animum
1818 3586 2115 3649 eiusdem
2141 3586 2687 3666 gubernatoribus

436 3695 703 3758 navium
750 3695 1087 3776 significet,
1136 3694 1378 3776 quidve
1414 3694 1598 3775 ipsos
1631 3694 1845 3756 facere
1876 3694 2154 3756 voluerit
2182 3692 2476 3757 edoceat.
2525 3692 2686 3754 Reli-

438 3820 645 3882 quum
678 3809 796 3880 est,
830 3803 1008 3882 quod
1041 3802 1208 3865 deus
1239 3802 1508 3865 easdem
1542 3800 1931 3864 felicissimis
1960 3801 2383 3864 successibus
2414 3797 2500 3863 ad
2529 3806 2685 3862 vota

387 3980 390 3985 ,
440 3918 803 3989 conservet,
839 3911 944 3973 cui
991 3927 1117 3974 nos
1164 3910 1726 3972 commendamus.
1763 3906 1867 3971 Ex
1915 3908 2125 3971 Batha
2171 3907 2332 3970 feria
2379 3913 2584 3984 sexta,
2618 3907 2683 3969 in

437 4017 731 4097 profesto
776 4017 1184 4081 exaltationis
1230 4024 1457 4080 sancte
1505 4016 1754 4093 CruciS,
1803 4033 1981 4080 anno
2037 4016 2225 4079 1521.

1794 4130 2094 4195 Andreas
2140 4131 2222 4195 de
2269 4130 2516 4194 Bathor
2560 4137 2682 4192 etc.

656 4263 902 4330 Kival:
950 4267 1299 4348 Spectabili
1364 4275 1428 4330 et
1483 4266 1836 4347 magnifico
1903 4266 2173 4329 domino
2219 4262 2558 4345 Stephano
2604 4265 2685 4327 de

441 4373 687 4437 Bathor
732 4373 1017 4455 palatino
1065 4375 1242 4456 regni
1290 4374 1622 4456 Hungarie
1669 4372 2020 4453 comitique
2062 4371 2517 4436 Themesiensi
2563 4380 2685 4435 etc.

439 4481 710 4544 domino
757 4489 821 4545 et
866 4482 1039 4545 fratri
1087 4482 1278 4546 nobis
1323 4480 1760 4546 observando,

657 4613 881 4680 Eredeti,
919 4614 1084 4680 papir,
1123 4611 1354 4665 zdrlatan
1400 4609 1602 4679 gyfirfis
1655 4608 1923 4679 pecsettel.
1963 4612 2033 4665 M.
2074 4610 2139 4666 Ο.
2178 4611 2241 4663 D.
2280 4610 2337 4662 L.
2378 4611 2571 4662 25633.
2610 4626 2685 4661 sz.

550 4736 909 4793 Magyar-szerb
941 4734 1348 4780 osszekolteteaek
1367 4732 1667 4777 okleveltdra.
2423 4715 2492 4767 23

2758 3996 2860 4041 1521

2703 4069 2918 4120 nentia.
