3475 5200
1464 344 1852 396 —478—

538 568 789 623 exercitu
833 572 1035 622 contra
1060 566 1314 621 Turcum
1363 566 1586 620 hostem
1634 569 1940 635 procedere
1986 568 2150 626 velle,
2202 565 2412 621 Scitote
2452 567 2616 619 vetate
2652 583 2776 619 vere

539 675 813 730 nunciata
858 674 1059 750 fuisse,
1110 674 1186 728 ita
1233 674 1382 727 enim
1433 679 1623 727 actum
1672 679 1759 728 est
1805 682 1866 729 ut
1913 674 2269 743 scripsimuS,
2322 675 2420 727 sed
2476 675 2584 727 hee
2616 675 2778 727 inter-

537 782 714 836 cessit
761 787 821 835 ut
869 797 1000 836 cum
1048 782 1318 835 voluntas
1365 787 1418 834 et
1465 781 1717 850 potentia
1764 797 1882 836 non
1917 784 2139 836 deesset
2170 788 2396 849 tempus
2436 783 2692 843 defuerit*
2728 791 2780 835 et

534 889 611 942 ob
660 889 772 942 hoc
819 888 1076 943 videntes
1125 889 1430 942 adventare
1480 889 1744 957 hyemale·
1772 893 2017 958 tempus,
2060 888 2118 943 in
2140 903 2257 958 quo
2302 887 2540 943 militare
2576 887 2780 943 dificile

534 1001 622 1050 est
668 996 995 1050 distulimus
1043 996 1194 1051 hanc
1241 1010 1359 1050 rem
1408 997 1481 1050 ad
1527 1003 1756 1065 tempus
1804 995 2187 1050 commodius,
2262 993 2384 1065 Que
2436 995 2540 1049 nisi
2608 995 2776 1049 ditate

535 1103 739 1157 fuisset
780 1102 961 1171 magis
994 1103 1236 1157 fortasse
1269 1103 1440 1157 nobis
1474 1119 1646 1174 quam
1680 1102 1947 1157 hostibus
1980 1103 2404 1157 nocuissemus.
2444 1103 2556 1155 Nee
2592 1111 2776 1155 temeri

536 1211 894 1279 propositum
960 1216 1219 1265 nostrum
1287 1210 1608 1279 omisimuS‚
1677 1211 1778 1264 sed
1844 1226 1976 1264 ecce
2045 1210 2294 1265 habituri
2358 1225 2560 1264 sumus
2628 1211 2776 1263 eirea

533 1317 683 1371 festa
728 1315 1179 1387 Epiphaniarum
1226 1317 1457 1371 Domini
1507 1317 2007 1385 congregationem
2057 1318 2372 1385 generalem
2436 1319 2776 1387 prelatorum
2800 1379 2814 1387 ⁸

536 1430 590 1477 et
658 1426 939 1478 baronum
1017 1431 1344 1480 nostrorum
1430 1424 1825 1494 nobiliumque
1913 1425 2071 1494 regni
2157 1424 2336 1479 nostri
2412 1423 2468 1479 in
2556 1423 2776 1479 eivitate

535 1538 732 1587 nostra
778 1531 1131 1601 Zegediensi,
1181 1538 1242 1587 ut
1288 1532 1366 1586 ibi
1416 1535 1485 1587 de
1555 1533 1662 1586 hac
1711 1548 1769 1586 re
1835 1532 2061 1601 plenius
2127 1537 2572 1601 pertractemus:
2640 1531 2780 1600 quid

535 1638 638 1693 erit
684 1638 954 1709 deinceps
1001 1645 1201 1693 contra
1247 1640 1470 1694 hostem
1520 1640 1730 1709 ipsum,
1782 1640 1920 1710 quid
1960 1640 2206 1710 denique
2249 1654 2349 1709 pro
2384 1639 2572 1691 future
2604 1647 2780 1691 estete

535 1744 832 1802 efficacius
890 1746 1310 1815 exequendum.
1375 1745 1635 1800 Ceterum
1703 1746 2041 1802 desideratis
2118 1762 2244 1804 esse
2322 1747 2588 1799 certiores
2664 1755 2776 1799 tum

534 1852 943 1908 incolumitatis
989 1859 1200 1922 nostre,
1251 1868 1428 1923 quam
1461 1854 1621 1908 etiam
1677 1870 1864 1909 rerum
1914 1854 2007 1908 hic
2053 1858 2327 1907 actarum.
2388 1851 2604 1907 Sunius
2652 1855 2776 1923 qui-

536 1961 666 2014 dem
713 1961 968 2014 volenter
1015 1960 1354 2027 incolumeS,
1402 1976 1599 2014 verum
1649 1976 1783 2015 cum
1845 1976 2028 2030 nuper
2084 1961 2155 2013 ad
2208 1965 2452 2013 castrum
2520 1967 2776 2011 nestrum

533 2064 1066 2121 Nandoralbensem
1115 2067 1480 2120 venissemus
1528 2071 1581 2120 et
1627 2068 1705 2121 ibi
1756 2083 2123 2134 moraremur,
2183 2065 2388 2121 accidit
2448 2067 2776 2135 inopinatus

539 2172 775 2242 quidam
807 2188 1000 2240 casuS,
1059 2188 1192 2227 nam
1241 2178 1360 2228 orte
1409 2180 1545 2227 sunt
1591 2173 1993 2229 contentiones
2038 2174 2344 2228 verborum
2392 2171 2532 2227 inter
2584 2175 2776 2227 fideles

537 2285 768 2333 nostros
833 2282 1126 2350 quondam
1185 2280 1463 2334 illustrem
1512 2281 1811 2335 dominum
1861 2280 2117 2335 Ulricum
2176 2280 2440 2335 comitem
2508 2279 2644 2331 t'j'ilie
2712 2295 2776 2335 ae

539 2386 906 2456 spectabilem
955 2392 1008 2441 et
1057 2387 1425 2455 magnificum
1485 2387 1820 2441 Ladislaum
1887 2387 2151 2442 comitem
2199 2378 2616 2441 Bistrieietisent
2680 2403 2776 2439 111]-

533 2492 684 2547 mine
734 2492 917 2563 ipsius
964 2494 1133 2548 castri
1182 2492 1698 2562 NandoralbensiS,
1751 2510 1823 2549 ex
1871 2494 2084 2564 quibus
2132 2496 2272 2548 alter
2318 2494 2544 2548 illerum
2584 2495 2776 2547 vulne-

535 2606 712 2668 ratus,
763 2603 901 2655 alter
945 2616 1081 2656 vero
1129 2602 1474 2672 interfectus*
1507 2610 1609 2670 est,
1670 2611 1867 2658 nostra
1933 2608 2126 2657 tamen
2180 2602 2348 2671 vregia
2416 2617 2660 2672 pere-ene,
2724 2612 2776 2656 et

530 2708 807 2762 omnibus
854 2708 981 2763 aliis
1029 2709 1242 2763 nostris
1289 2709 1466 2765 salvis
1499 2717 1554 2763 et
1584 2725 1716 2764 cum
1751 2711 1971 2765 honore
2001 2710 2448 2764 remanentibus¹
2496 2712 2608 2764 Sed
2644 2724 2772 2764 eum

535 2814 630 2868 hic
677 2829 850 2869 casus
896 2831 1014 2870 non
1063 2831 1136 2869 ex
1183 2816 1509 2887 composito
1559 2818 1659 2871 sed
1707 2817 2003 2886 repentino
2052 2823 2211 2871 motu
2259 2816 2432 2872 animi
2468 2820 2772 2884 evenisset,

532 2921 826 2977 noluimus
871 2929 1170 2993 propterea
1215 2940 1283 2977 ea
1333 2923 1633 2993 negligere,
1684 2939 1798 2993 que
1846 2925 1917 2977 ad
1966 2929 2177 2978 statum
2226 2929 2484 2978 nostrum
2560 2924 2772 2996 regium

529 3043 598 3082 ac
643 3029 802 3097 regni
845 3030 1050 3085 ·nostri
1116 3031 1487 3085 commodum
1555 3030 1851 3100 pertinent.
1922 3029 2110 3101 Quare
2176 3030 2408 3085 munitis
2476 3032 2564 3084 litis
2636 3032 2776 3084 teeis

532 3134 896 3190 inferioribus
943 3136 1209 3207 presidiis
1260 3137 1618 3207 opportuniS‚
1668 3137 1881 3192 ibimus
1938 3139 2011 3192 ad
2056 3140 2249 3192 locum
2316 3136 2776 3208 congregetienie

531 3240 718 3296 future
766 3244 943 3313 parati
993 3243 1041 3298 si
1080 3259 1198 3314 qua
1234 3245 1403 3314 plura
1434 3244 1577 3298 inter
1607 3245 1713 3298 hec
1746 3250 1874 3298 acta
1904 3244 2131 3312 suerint,
2171 3250 2412 3299 vestram
2452 3245 2772 3300 fidelitatem

533 3349 764 3403 reddere
812 3341 1124 3404 certiorem.
1179 3350 1388 3405 Datum
1438 3351 1495 3406 in
1542 3351 1771 3406 Kovino
1804 3351 2082 3421 vigesimo
2131 3353 2221 3407 die
2270 3352 2488 3408 mensis
2536 3352 2772 3408 Nem-*em-

530 3455 646 3509 bris
692 3471 846 3511 anno
897 3457 1126 3512 Domini
1185 3458 1370 3525 1456,
1421 3473 1724 3528 regnorum
1776 3467 2100 3515 nostrorum
2154 3476 2308 3514 anno
2343 3460 2632 3528 Hungerie
2664 3468 2768 3516 ete,

529 3562 1019 3635 decimoseptimO,
1070 3565 1342 3621 Bohemie
1390 3582 1525 3621 vero
1574 3573 1795 3637 quarto.

1300 3762 1392 3816 Ad
1442 3765 1777 3817 mandatum
1827 3763 2043 3817 domini
2093 3763 2240 3831 regis
2288 3762 2346 3817 in
2396 3764 2656 3820 censitio.

1143 3938 1475 4009 Stephanus
1524 3941 1847 4010 prepositus
1895 3941 2193 4010 Agriensis
2241 3943 2768 4000 vicecancellarius*

741 4131 941 4189 Kivm:
993 4134 1296 4190 Nobilibus
1345 4144 1399 4190 et
1445 4137 1823 4207 prudentibus
1866 4137 2004 4192 viris
2036 4138 2236 4192 rectori
2271 4143 2323 4190 et
2354 4140 2600 4192 censiliu
2636 4140 2768 4188 etei*

527 4242 657 4297 tatis
692 4248 884 4298 nostre
933 4241 1327 4312 RagusiensiS,
1376 4245 1643 4300 fidelibus
1691 4244 1861 4299 nobis
1910 4245 2129 4298 sincere
2178 4244 2396 4298 dilectis
2448 4252 2552 4304 ete,

739 4435 952 4486 Milanoi
991 4424 1048 4485 Α.
1093 4437 1146 4485 L.
1187 4437 1240 4487 P.
1282 4437 1336 4487 E.
1379 4436 1661 4500 Ungheria.
1699 4433 1985 4499 (Mesolat.)

2816 1323 2965 1387 -Ξ-ι-ἢῖ

2824 1395 2916 1447 jem.
2941 1395 2981 1431 ti..

2836 1447 2985 1487 kiirsll.

2852 3532 2953 3572 t-ffirl

2812 3612 2912 3644 unt-1„
2937 3600 3005 3644 Ἠ),
