3475 5200
1721 355 2110 410 -104-

793 577 994 639 finem
1061 575 1419 639 decisivum
1486 577 1817 656 signanter
1864 577 1926 638 in
1975 577 2271 640 absentia
2329 576 2476 639 dicti
2535 577 2777 640 domini
2844 578 3047 641 nostri

793 685 979 766 regiS,
1024 690 1329 753 tenemini
1379 690 1591 753 facere
1623 695 1687 750 et
1718 685 1876 747 estis
1923 685 2268 764 obligatus,
2301 676 2370 765 (1)
2419 685 2800 747 auctoritate
2846 686 3045 749 etiam

793 794 971 874 regia
1021 797 1213 860 vobis
1264 797 1328 861 in
1385 799 1511 860 hac
1564 805 1747 877 parte
1806 792 2125 869 attributa,
2174 798 2245 854 ut
2291 793 2355 852 in
2412 791 2690 854 termino
2746 808 2863 872 per
2916 809 3047 855 vos

793 902 1121 967 nobilibus
1176 906 1355 986 regni
1413 904 1761 969 Sclavonie
1819 902 1882 963 in
1940 899 2219 963 Crisium
2284 897 2348 959 in
2422 916 2631 961 unum
2696 899 3047 962 convenire

794 1011 1152 1074 commisso
1207 1030 1340 1076 non
1397 1015 1698 1076 obstante
1765 1009 1981 1088 aliqua
2034 1007 2158 1070 litis
2212 1008 2410 1086 longa
2475 1007 2907 1086 protractione
2962 1024 3042 1069 ac

793 1116 1089 1180 absentia
1150 1120 1359 1182 taliter
1423 1137 1575 1183 cum
1650 1116 1974 1181 nobilibus
2038 1113 2217 1193 regni
2281 1111 2626 1204 Sclavonie
2710 1113 3045 1195 prescripti

793 1223 1182 1306 adiudicare,
1250 1226 1524 1290 diffinire
1600 1231 1666 1288 et
1728 1242 1855 1287 suo
1920 1222 2121 1285 modo
2194 1222 2279 1283 ad
2345 1220 2655 1282 effectum
2722 1221 3047 1284 deducere

793 1333 1020 1410 velitiS,
1061 1342 1133 1396 ut
1171 1334 1305 1398 rixe
1344 1341 1408 1397 et
1455 1332 1893 1397 controversie
1940 1330 2013 1416 inw
2051 1327 2283 1391 eodem
2326 1344 2528 1406 regno
2566 1334 2786 1390 exorte
2834 1328 3045 1407 magis

795 1440 1134 1520 sopiantur
1166 1457 1365 1521 quam
1396 1446 1919 1521 augmententur.
1944 1437 2014 1499 In
2036 1453 2170 1516 quo
2202 1435 2321 1515 ipsi
2356 1434 2622 1498 domino
2653 1440 2878 1497 nostro
2910 1435 3043 1515 regi

792 1545 995 1609 immo
1027 1550 1285 1628 penitus
1322 1549 1634 1611 altissimo
1674 1549 1801 1609 deo
1821 1547 1885 1608 in
1919 1543 2375 1608 observatione
2415 1542 2650 1605 iustitie
2682 1543 3039 1604 maximum

619 1712 726 1759 κω
796 1654 1178 1718 exhibebitis
1224 1656 1574 1719 servitium.
1618 1654 1866 1717 'Datum
1915 1652 2099 1714 Bude
2147 1650 2455 1713 seeundo
2476 1650 2579 1713 die
2622 1648 2769 1712 festi
2815 1666 3044 1713 aseen-

562 1791 675 1843 maj.
709 1787 774 1832 ιε.
796 1761 997 1824 sionis
1044 1762 1306 1842 domini,
1358 1781 1533 1826 anno
1581 1768 1702 1824 ete.
1752 1759 2046 1823 XXXVI.

2145 1902 2456 1964 Nicolaus
2497 1901 2577 1963 de
2618 1900 2794 1962 Gara

1978 2010 2154 2090 regni
2202 2008 2532 2090 Hungarie
2582 2007 2926 2088 palatinus

1009 2189 1220 2255 Kivic'l
1239 2212 1261 2256 .·
1307 2192 1653 2272 Spectabili
1701 2197 1764 2252 et
1812 2188 2162 2268 magnifico
2207 2186 2346 2248 viro
2395 2185 2661 2248 domino
2712 2183 3047 2246 Hermano

798 2299 954 2363 Cilie
1000 2299 1402 2380 Zagorieque
1449 2299 1664 2363 comiti
1729 2305 1795 2360 et
1855 2297 2033 2376 regni
2091 2293 2477 2357 Selavoniae
2523 2294 2721 2369 bano,
2781 2291 3049 2355 domino

797 2413 861 2471 et
906 2407 1067 2487 patri
1117 2416 1344 2471 nostro
1391 2407 1749 2470 carissimo.

1010 2547 1232 2610 Eredeti,
1268 2545 1471 2614 luittya,
1507 2543 1776 2613 hfitlapjdn
1812 2543 2113 2610 ranyomott
2149 2542 2272 2592 zold
2308 2538 2724 2607 viaszpecsettel.
2764 2540 3048 2604 Kdrmend,

795 2641 884 2702 hg.
923 2636 1226 2703 Batthyany
1264 2652 1339 2689 cs,
1375 2638 1431 2688 lt.

1754 2886 2090 2950 CLXXXI.

1521 3081 1773 3166 Prdga,
1820 3080 2018 3146 1437.
2057 3083 2208 3164 jan.
2256 3080 2319 3146 2.

796 3226 1083 3291 Zsigmond
1120 3221 1289 3288 kiraly
1324 3222 1593 3275 Thalloezi
1631 3222 1847 3274 Mathk6
1886 3220 2323 3274 szlavon-dalmat
2350 3220 2409 3273 es
2433 3219 2623 3272 horviit
2657 3217 2870 3270 hannul<
2906 3233 3047 3282 meg-

793 3312 1003 3380 hagyja,
1049 3316 1195 3378 hogy
1241 3329 1273 3363 a
1318 3312 1662 3364 Krisztaldczi
1708 3313 1889 3364 Torok
1934 3310 2170 3363 szsr'ztdl
2216 3313 2390 3363 annal<
2445 3309 2777 3362 krisztaloczi
2832 3306 3044 3359 vardbdl

796 3405 1015 3455 elrabolt
1049 3400 1416 3469 ingosdgokat,
1450 3403 1638 3468 jelesiil
1677 3402 2004 3453 okleveleket
2029 3400 2087 3452 es
2114 3417 2219 3469 egy
2255 3399 2682 3466 kdran-ktinyvet
2708 3400 2830 3463 adja
2854 3399 3043 3447 vissza.

1117 3566 1510 3630 Commissio
1557 3566 1816 3647 propria
1863 3566 2104 3629 domini
2154 3565 2559 3644 imperatoris

1116 3672 1419 3737 Emerico
1467 3674 1548 3736 de
1594 3674 1925 3753 Marczaly
1971 3673 2282 3752 magistro
2329 3672 2502 3734 curie
2551 3671 2881 3733 referente.

1010 3796 1471 3877 Sigismundus
1512 3799 1613 3860 dei
1652 3798 1858 3878 gratia
1905 3798 2349 3859 Romanorum
2398 3798 2746 3877 imperator
2790 3812 3043 3875 semper

795 3911 1120 3983 augustus
1139 3922 1219 3966 ac
1241 3904 1591 3985 Hungarie‚
1605 3905 1936 3982 Bohemie,
1960 3904 2301 3982 Dalmatie,
2324 3903 2579 3967 Croatie
2600 3910 2720 3967 ete.
2743 3921 2856 3966 rex
2875 3901 3040 3965 fideli

795 4019 1020 4074 nostro
1061 4012 1311 4074 sincere
1355 4012 1588 4074 dilecto
1631 4012 1983 4091 magnifico
2018 4011 2354 4074 Mathkoni
2387 4014 2468 4074 de
2500 4010 2817 4091 Talloucz
2846 4010 3042 4074 totius

796 4118 1142 4183 Sclavonie
1193 4119 1644 4199 Dalmatieque
1685 4128 1748 4182 et
1780 4118 2037 4181 Croatie
2079 4137 2428 4199 regnorum
2466 4126 2838 4181 nostrorum
2871 4120 3043 4180 bano

795 4227 1074 4288 salutem
1107 4235 1170 4289 et
1199 4227 1493 4306 gratiam.
1544 4227 1886 4290 Referente
1926 4225 2116 4288 nobis
2158 4227 2326 4288 fideli
2369 4233 2595 4289 nostro
2637 4227 2797 4289 Josa
2826 4224 3042 4289 Turco

795 4332 878 4394 de
926 4331 1324 4396 Cristaloucz
1372 4342 1595 4396 nostra
1641 4334 1832 4396 valde
1880 4333 2293 4412 displicenter
2359 4334 2664 4396 intellexit
2709 4334 3043 4411 serenitaS,
3082 4402 3089 4411 ,

796 4439 975 4518 quod
1015 4458 1167 4502 cum
1197 4448 1269 4503 tu
1300 4458 1383 4505 ex
1424 4448 1644 4504 nostre
1686 4441 2043 4503 maiestatis
2092 4441 2383 4503 iussione
2422 4442 2531 4504 tibi
2573 4438 2766 4504 literis
2808 4441 3044 4504 nostris

795 4547 1229 4610 mediantibus
1265 4548 1574 4626 iniuncto,
1614 4547 1830 4628 ipsum
1867 4547 2096 4610 Josam
2135 4547 2427 4611 Turcum
2449 4556 2512 4611 et
2542 4550 2825 4611 condam
2857 4548 3045 4613 Nico·
