3475 5200
1364 375 1755 427 -261—

434 600 757 680 Belgrado
805 600 928 662 che
972 597 1013 661 li
1061 597 1334 662 scusara
1379 614 1513 658 una
1560 595 1790 657 bastia.
1841 593 1912 655 In
1960 610 2221 655 summa
2259 592 2313 654 si
2352 590 2522 653 tiene
2554 590 2686 671 qua

433 708 557 771 che
618 724 785 788 pace
854 705 1026 770 habii
1092 724 1132 768 a
1198 704 1415 786 seguir
1468 721 1594 766 con
1666 719 1820 765 esso
1883 700 2170 763 Turcho.
2235 698 2360 761 Dio
2424 698 2581 760 satia
2645 699 2685 760 il

433 816 690 895 meglio.
757 815 970 877 Como
1035 814 1088 875 si
1154 812 1253 876 sia
1317 818 1549 892 questa
1613 810 1863 889 brigata
1906 825 1992 870 va
2048 806 2364 869 armando
2428 806 2594 886 galie
2645 823 2686 867 a

435 923 586 1001 pian
631 939 873 1003 passo;
924 922 964 984 il
1011 920 1215 983 simile
1263 918 1458 981 credo
1505 916 1646 980 fara
1690 919 1754 978 la
1801 913 2078 993 majesta
2115 913 2217 976 del
2266 929 2335 975 re
2386 913 2436 975 F
2439 912 2683 975 erando

434 1031 528 1092 sel
578 1028 724 1091 sera
762 1028 985 1091 savio:
1034 1027 1075 1089 il
1121 1014 1325 1090 simile
1372 1043 1459 1106 po
1489 1024 1643 1112 ‘fare
1676 1031 1898 1086 vostra
1929 1020 2308 1085 excellentia
2354 1021 2458 1082 nel
2490 1037 2682 1100 spen-

433 1136 586 1198 dere
632 1135 806 1215 quilli
851 1125 1025 1197 XXM
1058 1108 1276 1196 ducati
1322 1133 1565 1194 andare
1612 1130 1697 1192 ad
1749 1132 1897 1192 axio
1942 1146 2058 1209 per
2104 1145 2238 1190 non
2283 1128 2325 1189 li
2372 1127 2531 1189 zitar
2576 1127 2682 1187 via

432 1262 569 1307 non
617 1243 902 1305 essendo
948 1243 988 1304 il
1036 1239 1317 1321 bisogno
1364 1283 1886 1302 .........
2757 1311 2858 1354 ¹47¹

650 1368 940 1432 Venetiis
988 1369 1090 1430 die
1136 1365 1355 1429 XXIII.
1407 1365 1641 1446 Aprilis
1694 1361 1886 1426 1471.
2719 1382 2914 1439 ειμι-,η

646 1494 964 1558 Eiusdem
1011 1502 1225 1556 vestre
1271 1492 1699 1555 illustrissime
1747 1489 2119 1553 excellentie

1905 1687 2350 1749 Fidelissimus
2398 1681 2683 1747 Servitor

1932 1793 2260 1855 Gerardus
2318 1792 2400 1853 de
2449 1789 2663 1855 Collis,

644 1902 859 1954 Milmoi
898 1891 958 1954 Ᾱ.
998 1903 1053 1953 L.
1096 1902 1149 1952 P.
1191 1901 1248 1953 E.
1287 1900 1351 1953 u.
1391 1898 1672 1966 νωτιαῖα).

1416 2225 1714 2288 CCCLX.

1103 2455 1423 2536 Cricorie,
1479 2455 1676 2528 1471,
1716 2454 1847 2539 jas.
1897 2453 2005 2520 19.
2073 2429 2076 2433 “

428 2656 689 2707 Antonius
729 2655 954 2705 Murioni
993 2669 1097 2720 egy
1132 2650 1215 2705 hir
1250 2652 1376 2705 felol
1413 2650 1609 2705 ertesiti
1648 2654 1885 2704 Brunoro
1930 2656 1995 2703 de
2040 2655 2408 2719 Martinengot,
2464 2656 2609 2720 hogy
2646 2671 2680 2707 a

424 2749 580 2798 torol<
618 2743 1140 2809 Nandoxfejervarral
1178 2746 1428 2795 szemben
1466 2742 1864 2825 varatsskezdett
1899 2740 2110 2809 epiteni,
2159 2745 2224 2795 de
2262 2761 2293 2795 a
2329 2761 2547 2812 magyar
2582 2747 2675 2799 kir.

1022 2849 1174 2899 sereg
1210 2835 1484 2885 kozeledte
1519 2830 1685 2885 hirere
1733 2835 2084 2900 abbahagyta.

643 2998 740 3061 De
775 3016 950 3061 novo
979 3000 1241 3062 abiamo
1273 3006 1474 3062 avuto
1507 3017 1622 3079 per
1647 3016 1783 3062 uno
1815 2999 2280 3077 merchatante,
2331 3000 2452 3062 che
2526 3002 2674 3064 viee

425 3109 507 3170 de
531 3106 1095 3187 Constantinopoli
1121 3108 1179 3168 el
1204 3107 1354 3186 qual
1380 3106 1521 3169 dice
1552 3108 1695 3169 chel
1715 3106 1981 3169 Turcho
2014 3124 2123 3169 era
2153 3115 2398 3170 venuto
2419 3109 2675 3187 sopra'l

426 3214 732 3276 Danubio
797 3220 862 3276 et
925 3214 1073 3275 avia
1136 3214 1514 3294 principiato
1578 3232 1715 3276 uno
1786 3215 2031 3277 castelo
2105 3216 2167 3276 al
2233 3215 2528 3278 incontro
2593 3217 2674 3279 de

419 3321 742 3401 Belgrado
785 3328 850 3383 et
889 3323 954 3383 lo
993 3337 1059 3383 re
1092 3322 1172 3403 de
1204 3321 1494 3401 Ungaria
1540 3322 1751 3384 inteso
1800 3329 2033 3400 questo
2082 3322 2298 3385 subito
2347 3321 2674 3385 comancio

419 3441 609 3491 zente
655 3446 772 3509 per
815 3431 880 3491 lo
926 3446 1128 3509 paese
1167 3435 1229 3491 et
1262 3427 1504 3491 mando
1540 3431 1597 3491 el
1629 3429 1840 3492 vicere
1869 3430 1930 3491 al
1962 3431 2256 3492 incontro
2295 3430 2375 3492 de
2408 3430 2670 3513 Turchi.

423 3537 709 3617 Quando
749 3536 1046 3598 iTurchi
1091 3543 1259 3613 vete,
1310 3536 1448 3600 cosi
1495 3537 1550 3599 si
1595 3540 1907 3600 levorono
1956 3545 2018 3600 et
2064 3538 2578 3602 abandonarono
2632 3538 2670 3601 l’

419 3646 704 3725 impresa
750 3651 815 3706 et
857 3645 927 3707 fo
975 3644 1227 3707 roinato
1275 3645 1429 3724 ogni
1472 3662 1667 3707 cossa
1719 3651 1782 3707 et
1830 3646 2041 3707 anche
2091 3646 2238 3724 quel
2276 3653 2673 3708 mercatante

418 3752 559 3814 dice
627 3753 789 3814 altro
855 3751 978 3813 che
1041 3769 1176 3813 non
1242 3752 1301 3813 vi
1368 3769 1536 3831 poso
1602 3752 1897 3815 scrivere.
1973 3752 2120 3815 Non
2186 3754 2370 3830 altr0,
2436 3753 2522 3814 mi
2590 3771 2670 3814 ve

412 3858 795 3922 ricomando
845 3866 959 3921 etc.
1010 3857 1252 3921 Datum
1303 3858 1581 3921 Cricorie
1642 3859 1718 3922 19
1765 3859 1909 3921 Julii
1965 3860 2151 3921 1471.
2711 3825 2902 3951 5320,

1711 4055 1944 4118 Vester
1991 4056 2318 4117 Antonius
2366 4055 2662 4116 Murioni.

630 4266 730 4343 (N.
764 4267 816 4330 B
873 4269 966 4330 La
999 4270 1187 4349 copia
1234 4268 1290 4332 e’
1342 4270 1402 4331 di
1451 4286 1677 4349 pugno
1725 4269 1787 4331 di
1834 4268 2064 4331 Ercole
2113 4268 2216 4331 del
2264 4269 2511 4350 Mayno
2543 4271 2664 4332 che

414 4377 744 4438 trovavasi
791 4395 833 4438 a
880 4373 1215 4457 Venezia.)
2370 4376 2373 4381 ’

626 4561 838 4613 Milanoi
875 4548 936 4612 Ᾰ.
977 4561 1033 4612 L.
1074 4562 1126 4613 P.
1168 4562 1224 4613 E.
1266 4559 1541 4625 P(olonia),
